2816 4704
1209 287 1291 351 33

189 471 396 536 aeque
438 450 570 526 fuit
613 453 973 539 cognitum.
1057 453 1296 539 Itaque
1323 455 1661 539 periurum
1692 454 2143 522 iusiurandum
2186 475 2291 522 ac-

187 554 538 640 cipientem
584 578 706 641 pro
740 555 1043 625 confesso
1077 578 1220 622 esse
1251 557 1627 623 habendum
1661 558 1838 624 falso
1870 559 2294 626 contendunt.

187 694 269 704 —
315 657 542 744 Neque
589 661 988 728 contrarium
1037 670 1156 734 est,
1204 659 1381 745 quod
1424 683 1496 726 re
1542 661 1719 730 idem
1752 665 2010 728 evenire
2051 672 2292 747 potest,

189 760 356 825 sicut
399 785 602 846 quum
647 763 704 827 is
751 764 936 834 cuius
983 773 1084 828 est
1129 764 1433 848 probatio
1480 765 1693 828 iurare
1734 765 1948 840 debet,
1996 764 2113 830 sed
2142 788 2295 850 pro-

186 872 334 948 pter
379 866 738 950 periurium
781 867 1028 951 nequit.
1118 865 1200 928 Id
1245 889 1437 930 nemo
1486 867 1685 932 facile
1735 889 1881 930 cum
1911 891 2125 953 poena
2157 870 2295 932 eius

189 964 303 1051 qui
353 969 568 1040 iurare
613 968 829 1032 noluit
872 967 1258 1042 confundet,
1300 993 1338 1032 a
1382 993 1513 1053 qua
1557 972 1839 1034 maxime
1872 963 2074 1034 dista‘t
2117 972 2299 1035 velut

187 1069 258 1134 in
301 1070 754 1155 appellatione
793 1070 1252 1155 permittenda,
1297 1072 1366 1134 in
1411 1074 1825 1138 restitutione
1870 1075 1939 1136 in
1968 1073 2296 1160 integrum

195 1171 634 1248 concedenda,
683 1171 967 1258 denique
1012 1173 1082 1236 in
1127 1175 1428 1261 expensis
1472 1174 1920 1243 refundendis.

1079 1327 1086 1332 ’
1147 1381 1199 1463 ς.
1253 1385 1352 1444 10.

369 1500 498 1564 His
565 1501 944 1586 praemissis
1020 1522 1238 1566 veram
1297 1499 1658 1564 doctrinam
1718 1498 2105 1586 descripturi
2174 1499 2299 1564 hoc

151 1631 167 1642 ·
194 1599 550 1677 iteramus,
629 1603 1001 1676 adhibendo
1049 1601 1463 1667 ,iuriiurando
1530 1604 1886 1688 periurium
1952 1603 2033 1666 ab
2096 1603 2301 1667 altera

193 1717 380 1790 parte
427 1707 851 1770 commissum
893 1727 1303 1792 nequaquam
1337 1707 1616 1770 obstare.
1706 1705 2301 1785 Quatenus‘autem

195 1809 465 1873 effectus
537 1819 998 1882 commutetur,
1073 1809 1358 1896 singulis
1416 1810 1905 1894 quaestionibus
1964 1808 2302 1894 dispositis

196 1913 456 1996 opti-me·
488 1913 940 2022 explicabitur.
1656 1903 1663 1910 ’

330 2049 419 2157 Ι.
469 2047 603 2129 Ωιιὶ
651 2047 885 2122 defert,
933 2048 1233 2152 periurus
1281 2057 1400 2121 est,
1448 2047 1857 2114 adversarius
1892 2049 2029 2114 eius
2076 2058 2215 2112 aut.

285 2175 338 2231 1.
363 2142 945 2254 probationibus
951 2193 1020 2235 se
1038 2145 1417 2234 defendere
1463 2171 1823 2244 constituit,
1868 2180 2005 2233 tum
2065 2171 2305 2286 proba-

197 2244 385 2339 tione
429 2284 804 2370 perpetrata
863 2273 1213 2348 obtinebit3
1293 2269 1373 2336 de
1434 2271 1787 2338 adversarii
1849 2273 1975 2336 fide
2040 2275 2301 2337 omnino

197 2395 350 2465 non
369 2377 766 2466 quaeritur
831 2375 952 2439 Sin
1005 2366 1393 2463 probatione
1452 2397 1587 2439 non
1645 2378 1984 2461 persoluta
2046 2376 2129 2439 ad
2174 2378 2307 2441 ius·-

195 2474 542 2563 iurandum
587 2480 876 2557 recurrit,
923 2489 1061 2541 tum
1094 2501 1259 2563 quae
1306 2477 1477 2541 infra
1528 2489 1891 2563 sequuntur
1934 2478 2158 2543 locum
2188 2478 2305 2542 ha-

197 2565 391 2652 bent,
437 2601 646 2674 neque
709 2604 934 2647 eorum
980 2582 1338 2667 quidquam
1374 2592 1729 2667 propterea
1772 2590 2083 2655 mutatur,
2128 2579 2307 2666 quod

195 2689 386 2781 antea
421 2684 926 2782 probationibus
959 2706 1100 2749 sese
1135 2682 1489 2747 defendere
1534 2693 1809 2749 conatus
1856 2695 1975 2749 est.
2023 2685 2162 2747 Aut
2190 2684 2308 2747 ille

285 2790 349 2848 2.
411 2786 650 2870 accipit
693 2786 1144 2850 iusiurandum
1191 2796 1255 2849 et
1298 2796 1374 2849 ut
1403 2786 1484 2851 de
1531 2788 1859 2851 calumnia
1888 2788 2017 2853 sibi
2062 2789 2311 2852 iuretur

195 2886 496 2970 postulat
539 2926 622 2936 --
665 2898 804 2951 tum
861 2890 1281 2953 iureiurando
1339 2889 1618 2953 discerni
1664 2891 1919 2977 nequit,
1985 2912 2138 2958 nam
2197 2888 2313 2975 qui

200 2986 467 3063 detulit,
501 2992 575 3057 aei
619 2991 834 3059 iurare
889 3014 1022 3055 non
1066 2993 1241 3056 licet.
1289 3030 1371 3039 --
1418 2994 1557 3056 Aut

229 3087 236 3097 ’
288 3098 347 3155 3.
409 3089 730 3178 accipiens
761 3116 893 3157 non
922 3096 1219 3181 postulat
1259 3094 1625 3158 calumniae
1658 3092 2131 3169 iusiurandum,
2172 3102 2311 3156 tum

207 3205 584 3259 consuetam
628 3197 758 3262 vim
805 3196 1004 3261 habet
1050 3197 1314 3272 delatio,
1371 3199 1680 3283 quoniam
1740 3196 1899 3261 fides
1962 3194 2316 3262 adversarii

199 3286 450 3381 periuri*
487 3320 622 3365 non
663 3300 1036 3383 requiritur.
1121 3296 1260 3365 Aut
1313 3299 1593 3385 denique
1656 3322 1667 3333 ‘

287 3404 349 3462 4.
407 3397 612 3465 refert
669 3401 1154 3480 iusiurandum;
1202 3413 1340 3469 tum
1395 3426 1597 3491 quum
1643 3400 2053 3468 adversarius
2100 3400 2315 3465 iurare

201 3512 504 3588 nequeat,
552 3502 1006 3569 iusiurandum
1050 3505 1245 3570 cadit.

341 3709 346 3715 Ι
383 3622 594 3717 ΙΙ;,,ΙΒ
639 3626 746 3703 cui
793 3624 1086 3691 defertur
1131 3625 1433 3709 periurus
1482 3634 1603 3699 est,
1650 3623 1763 3714 qui

302 3750 358 3805 1.
418 3743 474 3807 si
519 3745 983 3809 conscientiam
1041 3745 1540 3831 probationibus
1604 3741 1954 3807 defendere
2014 3743 2177 3817 vult,
2240 3740 2319 3807 de

205 3844 638 3911 iureiurando.
671 3846 963 3913 nondum
1013 3847 1430 3933 disceptatur.
1510 3846 1743 3932 ¹Supra
1788 3846 1961 3909 enim
2006 3847 2134 3909 iam
2180 3865 2319 3908 mo·-

206 3947 350 4022 nui,
393 3958 468 4014 ut
511 3951 954 4016 conscientiae·
991 3949 1443 4017 defendendae
1494 3950 1781 4015 facultas
1829 3950 1923 4032 ab,
1958 3946 2321 4033 accipiendi

206 4051 318 4120 vel
383 4054 774 4137 praestandi,
827 4055 1250 4123 iurisiurandi
1316 4057 1453 4121 iure
1514 4074 1783 4139 prorsus
1852 4052 2317 4139 distinguatur,

1665 4180 1695 4226 3
2157 4167 2169 4183 .

2444 405 2474 427 Α
