2816 4704
1269 257 1352 316 23

246 421 633 486 manifestae
678 421 1102 504 turpitudinis
1149 433 1253 487 est
1295 423 1477 489 nolle
1532 445 1653 488 nec
1696 426 1909 490 iurare
1954 449 2075 490 nec
2115 428 2361 492 referre

245 523 734 599 iusim-andnim
795 525 981 588 cuius
1027 534 1246 590 tamen
1300 528 1573 612 regulae
1630 528 1981 608 christiana
2038 532 2361 616 religione

244 626 474 710 plures
517 647 713 710 quam
749 626 827 689 de
859 627 1098 710 quibus
1132 649 1332 713 supra
1361 630 1433 691 in
1464 631 1603 692 iure
1640 629 1937 694 Romano
1973 632 2359 696 excutiendo

246 737 464 794 actum
509 737 610 791 est
654 729 1068 813 exceptiones
1113 730 1417 794 conditae
1464 741 1651 804 sunt,
1698 755 1811 796 eae
1858 744 2076 797 tamen
2127 757 2361 820 parum

248 839 546 894 accurate
584 829 970 916 descriptae,
1016 840 1110 905 ut,
1175 833 1344 896 sicut
1403 842 1593 896 antea
1623 833 1925 907 indicavi,
1960 857 2185 900 omnes
2220 837 2359 900 eius

245 933 562 1016 temporis
619 932 700 998 de
757 955 888 1018 quo
963 936 1180 1020 agitur
1259 937 1610 1021 scriptores
1657 939 2356 1023 commemoraverint,

247 1033 617 1099 dubitatum
661 1059 841 1110 esse,
899 1049 1113 1100 utrum
1157 1039 1268 1122 qui
1329 1039 1727 1123 probaturus
1774 1042 1861 1103 sit
1906 1041 2359 1104 iusiurandum

245 1159 550 1203 recusare
585 1150 814 1224 posset
843 1162 963 1204 neo
993 1163 1112 1219 ne.
1172 1139 1388 1221 Simul
1418 1150 1481 1204 et
1524 1163 1744 1204 earum
1777 1144 2182 1206 mentionum
2217 1167 2359 1209 eam

247 1241 528 1309 vidimus
575 1264 718 1308 esse
775 1243 1101 1318 indolem,
1165 1254 1240 1307 ut
1301 1254 1618 1328 appareat
1646 1243 1750 1308 *de
1802 1267 1871 1308 re
1939 1248 2183 1310 usitata
2250 1251 2360 1334 agi

246 1355 402 1410 tunc
445 1368 599 1435 yero
645 1347 804 1411 iuris
845 1357 1200 1432 'praecepto
1247 1346 1629 1420 sancienda,
1672 1357 1737 1409 et
1780 1348 1961 1432 ipsos
2004 1350 2359 1434 scriptores
2454 1373 2457 1376 ’

249 1447 335 1512 ad
375 1469 578 1512 unum
624 1469 880 1523 omnes,
932 1450 987 1514 si
1035 1450 1298 1535 quidem
1345 1449 1591 1514 dictum
1636 1449 1815 1522 istud
1858 1449 2123 1515 Jasonis
2170 1447 2361 1516 omit·-

247 1553 466 1626 timus,
511 1552 973 1636 probationem
1017 1552 1525 1637 permittendam
1570 1573 1879 1637 negasse,
1938 1555 2232 1637 quamvis
2289 1556 2359 1618 in

246 1675 371 1719 usu
414 1657 735 1739 permissa
781 1677 922 1720 esse
985 1654 1300 1722 videatur.
1391 1653 1606 1718 Cuius
1670 1656 1998 1739 opinionis
2048 1656 2358 1741 gravissi-

248 1781 426 1822 mum
471 1759 686 1822 inveni
718 1767 1044 1822 auctorem
1078 1756 1413 1832 Maranta,
1462 1759 1575 1843 qui
1606 1761 1917 1824 certiores
1948 1780 2069 1822 nos
2114 1757 2353 1837 reddit,

247 1862 316 1926 in
356 1859 504 1924 foro
551 1869 981 1924 mercatorum
1028 1859 1268 1924 Italico
1325 1882 1668 1926 commune
1713 1861 1884 1927 illud
1928 1869 2355 1946 praeceptum

249 1963 328 2028 de
381 1965 744 2026 iuramento
806 1963 1174 2026 necessario
1247 1963 1645 2047 praestando
1718 1965 1983 2029 minime
2051 1963 2357 2028 valuisse.

246 2066 430 2130 Artis
461 2067 823 2150 peritorum
856 2066 1218 2139 sententiis,
1253 2066 1551 2139 testibus,
1585 2077 1762 2130 sorte
1786 2066 2132 2130 diiudicari
2166 2088 2357 2151 quae-

248 2169 525 2241 stiones,
587 2166 670 2231 ad
731 2167 1182 2231 iusiurandum
1235 2167 1589 2254 confugere
1646 2169 1795 2254 lege
1854 2169 2124 2232 vetitum
2190 2191 2357 2232 esse.

242 2269 472 2356 Neque
517 2289 780 2334 causam
824 2271 960 2334 eius
991 2291 1173 2342 usus,
1221 2270 1738 2356 quemssmaximeJ
1760 2269 1993 2333 laudat
2020 2267 2356 2343 Maranta,

247 2372 709 2438 desideramus.

416 2476 560 2538 Iam
601 2485 676 2538 ut
737 2483 1130 2537 mercatores
1177 2473 1397 2537 Italici
1454 2474 1593 2537 illis
1639 2473 2057 2557 [temporibus
2104 2494 2358 2537 summa

247 2578 318 2640 in
351 2576 808 2641 diversissimis
839 2575 1222 2661 regionibus
1258 2561 1640 2639 celebritate
1670 2574 2013 2647 florebant,
2047 2575 2137 2637 ita
2166 2596 2358 2637 usum

247 2678 576 2742 forensem
621 2678 702 2741 ab
749 2678 832 2739 iis
877 2686 1214 2762 receptum
1259 2700 1415 2739 mox
1446 2678 1562 2739 alii
1591 2676 1894 2742 videntur
1924 2678 2161 2739 imitati
2193 2698 2356 2749 esse,

248 2801 376 2866 quo
421 2778 667 2843 factum
713 2788 834 2853 est,
879 2789 956 2842 ut
984 2776 1136 2843 ICti
1179 2778 1475 2842 studiose
1526 2780 1948 2863 inquirerent,
1997 2779 2153 2841 talis
2200 2799 2357 2843 usus

248 2892 465 2947 utrum
521 2872 676 2945 iure·
733 2882 1021 2945 sancitus
1077 2890 1250 2959 esset
1305 2902 1424 2943 nec
1483 2902 1585 2944 ne.
1676 2880 1864 2959 Quae
1910 2880 2172 2965 quidem
2220 2882 2358 2943 eius

246 3006 404 3050 usus
446 2982 839 3069 propagatio
891 2984 962 3045 in
1019 2981 1225 3045 altera
1275 2992 1465 3065 parte
1513 2984 1759 3045 saeculi
1822 2983 1989 3047 sexti
2034 2980 2267 3043 decimi
2296 2982 2357 3058 1)

250 3088 424 3151 facta
469 3095 600 3161 est3
647 3083 1005 3170 eodemque
1053 3083 1190 3147 fere
1237 3094 1531 3168 tempore
1577 3082 1750 3146 idem
1782 3104 1941 3147 usus
1972 3084 2039 3143 in
2074 3079 2353 3145 Saxoni-

247 3212 394 3253 cum
438 3195 872 3273 merca-torum
916 3186 1138 3249 forum
1185 3196 1487 3271 receptus
1536 3195 1637 3250 est
1664 3189 1743 3265 2).

384 3427 442 3493 1)
476 3426 770 3478 Duarenus
797 3428 904 3487 (ao,
932 3422 1092 3489 1509)
1119 3429 1282 3475 natus
1317 3430 1490 3491 negat
1527 3422 1647 3476 iure
1684 3423 1954 3476 sancitum
2006 3438 2124 3477 esse
2164 3436 2357 3488 usum3

248 3518 444 3567 contra
479 3510 663 3565 Faber
693 3507 1110 3577 (1557—1624)
1151 3524 1262 3561 non
1308 3508 1694 3563 addubitatum
1733 3523 1851 3561 esse
1887 3508 1946 3561 in
1970 3506 2362 3577 Francogalli-

249 3599 328 3651 cis
365 3594 584 3649 iudiciis
623 3596 800 3649 docet.
875 3596 945 3647 cf.
986 3593 1308 3659 Het‘ster,
1343 3594 1381 3646 1.
1413 3610 1462 3649 c.
1501 3592 1695 3661 p.279.
1729 3626 1781 3635 -
1812 3593 2359 3664 Strippelmann

249 3683 292 3736 1.
331 3700 382 3739 c.
427 3680 501 3735 ΙΙ.
539 3679 661 3733 307.
697 3706 764 3718 -

387 3766 444 3837 2)
483 3765 715 3835 K'onig
739 3764 800 3832 (1.
822 3782 867 3817 c.
893 3768 926 3829 †
951 3764 1088 3818 1550
1110 3758 1214 3831 [?])
1246 3764 1314 3818 de
1341 3780 1405 3817 eo
1431 3780 1543 3817 non
1570 3764 1839 3833 loquitur.
1867 3762 2116 3832 Klingen
2139 3778 2191 3813 v.
2220 3759 2361 3814 Stei-

249 3872 370 3910 naw
401 3856 460 3919 (†
484 3850 644 3917 1576)
674 3852 776 3904 sub
801 3866 939 3903 voce
965 3849 1603 3919 Gewissensvertretung
1628 3850 1697 3903 de
1722 3849 1842 3902 sola
1866 3846 2218 3902 recusatione
2242 3846 2361 3915 agit

253 3944 323 3995 cf.
361 3938 567 3992 Landr.
609 3937 706 3991 fol.
741 3937 825 3991 60.
861 3966 927 3975 —-
963 3934 1217 3991 Petrus
1268 3934 1591 4009 Heigius
1646 3950 1785 3992 com.
1822 3935 1914 3991 cit.
1952 3952 2005 4006 p.
2042 3933 2149 3988 454
2175 3949 2236 3990 n.
2273 3933 2364 3986 21.

252 4023 752 4083 Schneidewin
785 4021 823 4077 1.
862 4038 908 4076 c.
1371 4034 1374 4037 ’
