2816 4704
1550 285 1634 355 84

549 456 728 545 quod
775 469 1086 544 quantum
1117 449 1390 526 ⁴differat
1430 461 1537 526 hic
1568 461 1800 526 elucet.
1854 457 2169 526 Fortasse
2212 459 2383 526 enim
2418 456 2658 526 dixerit

551 563 908 648 quispiam,
969 563 1078 627 vel
1137 585 1217 627 ex
1275 565 1424 650 ipso
1486 564 1749 628 nomine
1792 585 2142 648 apparere:
2190 563 2659 628 conscientiam

551 664 672 728 illo
717 665 1031 729 beneficio
1075 666 1205 740 uti,
1265 666 1346 730 de
1405 666 1805 732 conscientia
1860 675 2077 730 autem
2119 666 2224 752 agi
2282 685 2417 732 nen
2457 686 2659 752 posse

549 769 679 833 nisi
721 770 791 832 in
838 791 949 842 ee,
1009 769 1114 832 cui
1175 770 1372 832 simul
1428 771 1643 832 iurare
1699 769 1926 845 liceat3
1988 768 2255 853 periuro
2308 767 2457 834 ideo
2504 768 2657 832 tale

549 872 984 936 eonscientiae
1015 871 1396 936 beneficium
1426 893 1563 936 non
1596 893 1737 937 esse
1767 869 2205 936 tribuendum.
2252 869 2387 935 Sed
2412 871 2657 936 rectius

551 977 692 1038 sine
733 956 930 1037 dubio
979 975 1250 1048 dicetur,
1295 975 1753 1060 probationem
1799 975 1995 1040 istam
2037 975 2177 1040 suis
2221 973 2483 1060 legibus
2530 951 2653 1048 uti,

548 1088 622 1139 ut
675 1097 880 1160 neque
938 1073 1224 1140 facultas
1285 1099 1497 1164 neque
1562 1077 1867 1144 voluntas
1914 1076 2176 1140 iurandi
2235 1077 2301 1139 in
2359 1097 2437 1140 ea
2496 1095 2657 1140 eon-

549 1178 836 1242 cedenda
889 1180 1293 1264 respiciatur.
1412 1180 1633 1244 Aliter
1680 1181 1885 1244 statui
1941 1181 2238 1264 iniquum
2290 1199 2655 1254 censemus,

550 1283 789 1344 etenim
835 1283 973 1346 sine
1035 1284 1181 1347 ullo
1226 1284 1390 1347 iuris
1421 1281 1749 1367 praesidio
1780 1283 2081 1369 periurus
2112 1281 2485 1348 adversario
2516 1281 2656 1347 for·-

549 1393 724 1449 tasse
770 1386 984 1449 minus
1029 1386 1348 1472 religioso
1393 1384 1676 1452 traditus
1710 1395 1903 1460 esset,
1936 1385 1995 1448 si
2037 1407 2119 1448 ne
2148 1385 2656 1470 probationibus

547 1486 812 1571 quidem
863 1511 932 1553 se
979 1487 1326 1552 defendere
1372 1489 1435 1555 ei
1492 1489 1741 1552 liceret.
1830 1485 1907 1551 Si
1964 1487 2098 1552 alia
2152 1486 2467 1554 facultate
2520 1509 2655 1551 non

546 1588 874 1654 frueretur
928 1591 1058 1655 nisi
1110 1590 1471 1676 accipiendi
1516 1591 1631 1656 -vel
1692 1589 2051 1656 adversarii
2102 1589 2256 1654 fidei
2316 1589 2655 1676 obtempe-

545 1691 778 1766 randi,
801 1727 810 1737 2
832 1714 987 1756 sane
1053 1703 1321 1758 coactus
1367 1693 1541 1758 foret
1596 1693 2051 1759 iusiurandum
2104 1693 2397 1778 accipere
2442 1711 2654 1776 eoque

543 1815 856 1880 magnum
888 1794 1260 1861 adversario
1305 1795 1613 1860 damnum
1660 1796 1911 1863 afferre.
1956 1833 2041 1844 --
2082 1793 2310 1880 Aeque
2344 1794 2652 1878 periurus

546 1895 629 1958 ad
690 1897 1138 1961 iusiurandum
1205 1919 1541 1962 recurrere
1597 1896 1895 1970 debebit,
1942 1919 2147 1981 quum
2192 1897 2654 1982 probationem

543 2020 676 2060 non
724 2000 1100 2084 expleverit.
1872 2003 1905 2029 ‘

630 2107 690 2165 2.
754 2098 826 2164 Si
887 2102 1192 2186 periurus
1238 2103 1475 2188 accipit
1518 2101 1994 2175 iusiurandum,
2042 2095 2285 2165 delatio
2330 2100 2517 2165 irrita
2560 2099 2653 2162 fit.

545 2201 771 2286 Neque
813 2213 1030 2266 tamen
1077 2202 1145 2266 id
1189 2205 1248 2268 ei
1305 2203 1816 2290 permittendum
1877 2213 1996 2277 est,
2042 2213 2118 2266 ut
2175 2202 2386 2266 nihilo
2432 2203 2653 2269 minue

543 2303 994 2369 iusiurandum
1027 2305 1390 2371 calumniae
1422 2307 1735 2393 postulet,
1768 2315 1995 2393 utpote
2026 2304 2207 2390 quod
2234 2327 2369 2369 non
2399 2301 2484 2367 ad
2514 2303 2653 2369 ius-

476 2427 480 2431 ’
542 2409 888 2473 iurandum
919 2420 1252 2495 acceptum
1283 2410 1400 2475 sed
1429 2411 1651 2496 potius
1678 2409 1761 2473 ad
1788 2404 2253 2495 praestandum
2286 2415 2649 2493 spectat—.-

628 2518 684 2574 3.
742 2510 1057 2576 Periurus
1115 2510 1313 2575 refert
1366 2510 1855 2588 iusiurandum3
1914 2522 2055 2575 tum
2099 2508 2505 2576 adversarius
2550 2509 2651 2572 iu-

542 2634 688 2676 rare
735 2612 885 2698 lege
910 2614 1186 2699 'cogitur
1230 2636 1444 2698 neque
1490 2636 1569 2676 ex
1612 2613 1953 2679 referentis
1993 2612 2119 2677 fide
2160 2612 2369 2675 ullam
2414 2632 2649 2697 excep-

541 2716 784 2778 tionem
829 2715 957 2779 sibi
1001 2736 1376 2802 comparare
1421 2726 1661 2803 potest.
1751 2715 1826 2781 Si
1871 2718 2085 2781 iurare
2130 2714 2438 2788 noluerit,
2486 2734 2645 2778 con-

542 2815 852 2881 fessionis
897 2840 1109 2903 poena
1153 2818 1451 2883 afficitur.

624 2936 762 3001 ΙΙΙ.
806 2936 1120 3003 Periurus
1167 2926 1359 3004 alteri
1402 2939 1668 3025 periuro
1711 2936 1940 3003 defert.

709 3040 855 3105 Hac
898 3041 968 3104 in
1017 3041 1392 3108 conditione
1438 3050 1615 3105 totus
1662 3035 2086 3105 iurisiurandi
2129 3036 2332 3102 delati
2374 3036 2642 3102 effectus

539 3142 595 3207 is
644 3152 762 3216 est,
809 3153 883 3205 ut
922 3145 1024 3208 cui
1058 3143 1350 3208 defertur
1378 3166 1513 3208 rem
1545 3140 1962 3206 iureiurando
2007 3139 2461 3205 affirmandam
2490 3160 2645 3225 pro-

537 3244 680 3319 bet,
740 3245 805 3310 h.
864 3267 917 3309 e.
965 3246 1429 3323 conscientiam
1492 3242 1819 3309 defendat.
1906 3241 2106 3324 Quod
2164 3243 2221 3307 si
2276 3263 2411 3305 non
2474 3240 2642 3314 vult,

541 3348 647 3412 vel
691 3348 1080 3433 probatione
1125 3369 1259 3411 non
1292 3347 1553 3435 expleta
1584 3346 1670 3411 ad
1698 3343 2147 3413 iusiurandum
2174 3343 2365 3418 redit,
2412 3343 2641 3428 quavis

540 3449 673 3513 alia
719 3450 1035 3515 electione
1080 3450 1326 3515 delatio
1390 3450 1575 3515 irrita
1630 3449 1721 3513 fit.
1829 3448 2059 3535 Neque
2114 3470 2271 3514 vero
2328 3446 2491 3511 haec
2544 3455 2647 3511 est

539 3552 808 3615 alterius
875 3555 1080 3639 partis
1135 3554 1589 3630 contumacia3
1662 3574 1744 3617 ne
1811 3553 1868 3617 is
1932 3549 2193 3639 quidem
2261 3548 2375 3637 qui
2428 3547 2648 3612 defert

537 3665 886 3720 contumax
944 3666 1064 3731 est,
1127 3658 1425 3741 quamvis
1481 3658 1647 3721 sciat
1701 3662 2045 3739 utramque
2110 3639 2365 3739 partem
2426 3652 2645 3716 iurare
2750 3659 2761 3665 “

533 3780 666 3824 non
709 3780 924 3845 posse.

705 3861 893 3941 Quae
938 3884 1090 3927 vero
1133 3860 1284 3925 inde
1327 3871 1706 3946 sequuntur,
1752 3858 1930 3945 quod
1972 3856 2425 3925 iusiurandum
2456 3855 2641 3923 dela-

533 3972 672 4030 tum
729 3966 986 4029 irritum
1042 3964 1148 4040 fit,
1202 3986 1422 4030 eorum
1478 3986 1798 4028 summam
1863 3963 2183 4027 rationem
2244 3980 2379 4025 non
2440 3978 2641 4045 posse

534 4071 732 4134 statui
778 4072 909 4136 iam
955 4078 1148 4135 antea
1191 4067 1506 4145 diximus3
1554 4088 1632 4133 ex
1675 4066 1868 4131 factis
1900 4064 1971 4129 id
1998 4062 2491 4131 diiudicandum
2520 4068 2641 4129 est.
