2816 4704
23 455 56 826 .,„W.

1506 267 1587 326 28

489 433 800 506 defertur,
843 434 1212 497 calumniae
1257 434 1691 496 iuramentum
1734 431 2093 517 postulare,
2140 453 2229 495 co
2248 433 2331 517 gi
2374 440 2599 494 tamen

491 559 640 600 eum
685 535 858 598 illud
919 534 1136 598 facere
1191 557 1388 598 nemo
1453 545 1527 596 ut
1590 533 1723 598 vidi
1782 552 2153 598 asseverare
2210 553 2409 596 ausus
2474 541 2593 596 est.

427 683 436 688 -
489 638 726 721 Itaque
769 639 976 702 altera
1019 658 1174 722 pars
1220 637 1344 700 hoc
1389 637 1493 699 ius
1532 637 2049 720 praetermittere
2092 644 2345 721 potest,
2392 656 2597 718 quum

491 739 908 804 iureiurando
949 739 1080 803 sibi
1110 738 1328 802 delato
1363 748 1631 822 accepto
1666 737 2055 822 simpliciter
2082 739 2253 802 iuret
2273 742 2353 820 ¹).
2392 737 2599 800 Prae-

491 851 670 906 terea
713 843 826 925 qui
870 840 1038 904 hanc
1086 840 1451 903 doctrinam
1500 849 1895 925 sequuntur,
1941 840 2185 904 leviore
2244 861 2599 925 argumen-

491 943 740 1006 tatione
784 964 996 1027 neque
1041 943 1301 1026 utrique
1349 943 1521 1026 parti
1566 963 1773 1024 aequa
1817 942 1921 1005 usi
1966 951 2149 1018 sunt3
2196 963 2391 1026 quam
2422 943 2600 1004 enim

488 1046 706 1130 legem
773 1044 855 1108 de
915 1045 1216 1108 universa
1285 1065 1354 1107 re
1418 1052 1748 1115 statuunt,
1806 1065 1951 1114 eam
2016 1042 2436 1106 manifestum
2494 1053 2601 1106 est

489 1167 688 1210 unam
720 1145 1174 1210 tantummodo
1220 1145 1316 1208 rei
1347 1143 1791 1208 conditionem
1820 1153 2113 1228 spectare
2154 1144 2343 1216 hanc,
2390 1165 2599 1227 quum

493 1249 550 1312 is
584 1234 589 1239 ’
629 1251 734 1314 cui
812 1247 1104 1312 delatum
1171 1255 1272 1310 est
1351 1246 1721 1310 calumniae
1799 1245 2248 1309 iusiurandum
2318 1245 2597 1330 flagitet.

495 1349 696 1429 Quod
741 1350 844 1414 illi
901 1370 1107 1434 aeque
1164 1349 1565 1433 permittitur
1620 1348 1727 1412 vel
1784 1348 2173 1432 simpliciter
2226 1349 2441 1411 iurare
2492 1347 2603 1411 vel

489 1451 734 1516 referre
779 1451 888 1516 vel
930 1450 1433 1536 probationibus
1480 1471 1551 1513 se
1596 1447 1983 1523 defendere,
2029 1448 2099 1512 id
2152 1469 2425 1535 prorsus
2486 1471 2599 1512 ne-

493 1552 860 1638 glexerunt.
954 1551 1168 1616 Iidem
1212 1561 1429 1615 tamen
1464 1551 1545 1615 de
1589 1553 1911 1616 sententia
1942 1573 2059 1614 sua
2090 1552 2220 1614 iam
2249 1559 2601 1635 propterea

501 1654 806 1719 dubitare
853 1652 1200 1726 debebant,
1247 1653 1430 1736 quod
1471 1654 1610 1716 iure
1654 1652 1955 1716 Romano
2020 1661 2281 1716 cautum
2328 1660 2454 1729 est,
2513 1673 2599 1714 ne

491 1757 561 1818 in
605 1764 782 1818 certo
830 1754 1116 1840 quodam
1162 1777 1505 1820 causarum
1551 1777 1807 1840 genere,
1856 1755 1971 1818 ubi
2013 1776 2095 1832 ne
2138 1755 2348 1839 pietas
2394 1754 2601 1817 offen·-

489 1855 754 1922 deretur
807 1857 1171 1941 periculum
1231 1866 1439 1930 esset,
1513 1858 1881 1924 calumniae
1954 1855 2414 1922 iusiurandum
2481 1878 2602 1942 po-

491 1966 804 2022 scel-etur.

662 2060 770 2122 Ex
833 2059 1114 2124 aliorum
1175 2061 1497 2124 sententia
1560 2070 1909 2146 propterea
1965 2061 2267 2145 periurus
2344 2059 2598 2124 deferre

491 2162 950 2227 iusiurandum
991 2163 1220 2246 nequit
1240 2208 1260 2234 ,
1317 2163 1473 2246 quia
1532 2162 1590 2226 ei
1632 2162 1863 2229 referri
1902 2170 2205 2246 nequeat,
2264 2161 2440 2226 unde
2486 2162 2603 2227 ad-

492 2265 776 2342 versario
827 2263 1138 2328 damnum
1182 2273 1490 2328 nascatur
1513 2269 1592 2341 ²).
1684 2263 1899 2343 Quam
1946 2265 2309 2328 doctrinam
2355 2265 2599 2350 quippe

491 2368 652 2431 iuris
701 2367 806 2431 vel
850 2366 1212 2451 accipiendi
1259 2367 1362 2431 vel
1420 2368 1887 2431 conscientiam
1946 2366 2341 2431 defendendi
2396 2368 2599 2449 plane

491 2469 942 2533 immemorem
997 2470 1142 2554 pari
1199 2480 1392 2559 atque
1454 2470 1738 2554 priorem
1804 2469 2149 2554 iniquitate
2208 2489 2351 2533 esse
2403 2490 2595 2533 nemo

492 2592 624 2633 non
671 2570 866 2635 videt.
955 2570 1308 2635 Enimvero
1371 2580 1589 2634 utrum
1644 2572 1965 2635 relatione
2024 2572 2171 2657 quis
2232 2573 2327 2635 uti
2380 2573 2595 2657 possit

493 2695 612 2737 nec
655 2682 760 2745 ne,
807 2672 901 2736 ibi
945 2681 1200 2735 tantum
1246 2674 1615 2756 quaeritur,
1681 2675 1795 2738 ubi
1838 2673 1920 2737 de
1965 2674 2383 2738 iureiurando
2429 2673 2595 2739 refe-

494 2773 697 2837 rendo
747 2775 982 2860 agitur,
1029 2795 1240 2858 neque
1273 2784 1413 2837 tum
1446 2797 1645 2859 quum
1678 2772 2107 2839 deferendum
2140 2786 2276 2857 *est3
2317 2776 2386 2839 id
2414 2775 2594 2860 quod

491 2899 690 2961 quum
736 2876 1001 2941 aliunde
1048 2886 1188 2939 tum
1241 2876 1393 2941 inde
1455 2878 1803 2950 evincitur,
1860 2878 2039 2961 quod
2084 2901 2121 2941 a
2164 2877 2477 2941 Romanis
2525 2879 2595 2941 in

486 2978 890 3064 quibusdam
936 2978 1150 3042 causis
1195 2979 1433 3043 relatio
1479 2978 1629 3065 lege
1672 2980 2015 3063 praeclusa
2060 2989 2197 3054 est,
2242 3000 2456 3065 neque
2494 2988 2593 3043 ta-

485 3103 634 3146 men
675 3081 1027 3161 delatio-⁹2).

655 3169 964 3246 Eandem
1010 3184 1092 3247 ob
1141 3203 1403 3247 causam
1451 3190 1671 3265 partes
1702 3204 1743 3243 a
1782 3182 2202 3247 iureiurando
2236 3183 2596 3249 deferendo

485 3305 618 3347 non
661 3293 816 3348 sunt
869 3282 1414 3368 praecludendae,
1464 3306 1661 3369 quum
1693 3284 1750 3348 is
1784 3286 1889 3348 cui
1929 3284 2223 3349 defertur
2266 3286 2600 3371 peieravit.

493 3387 588 3451 At
629 3386 856 3471 rogari
901 3384 1126 3449 dicunt
1172 3406 1319 3449 eum
1364 3387 1471 3450 cui
1526 3385 1815 3451 defertur
1869 3395 1943 3457 ut
1996 3388 2197 3459 iuret,
2250 3408 2461 3472 neque
2503 3397 2601 3450 ta-

622 3587 679 3655 1)
713 3586 1062 3641 Donellus
1096 3589 1134 3641 1.
1161 3606 1206 3642 c.
1247 3589 1317 3643 ad
1353 3590 1392 3643 1.
1434 3589 1467 3642 9
1508 3588 1569 3643 C.
1607 3591 1687 3643 bt.
1724 3590 1835 3643 ait:
1906 3590 2039 3643 Non
2076 3590 2286 3644 videtur
2313 3606 2415 3659 per
2451 3599 2601 3645 acto·

486 3691 594 3727 rem
629 3681 792 3739 stare,
831 3690 931 3742 quo
971 3675 1146 3727 minus
1179 3668 1249 3728 'de
1289 3676 1557 3728 calumnia
1596 3676 1764 3743 iuret,
1801 3676 1850 3726 si
1885 3676 1984 3728 hoc
2018 3676 2393 3728 iusiurandum
2430 3677 2499 3729 ab
2536 3694 2600 3729 eo

482 3776 591 3812 non
623 3758 946 3827 postulatur.
1020 3759 1146 3814 Hoc
1182 3778 1296 3815 non
1336 3760 1652 3815 considerat
1688 3760 1952 3829 Berger
1985 3760 2023 3815 l.
2052 3777 2097 3816 c.
2136 3777 2193 3829 p.
2233 3760 2351 3816 523.

619 3844 677 3912 2)
713 3845 1032 3913 Heffter‚
1067 3846 1105 3899 1.
1129 3862 1177 3899 c.
1221 3864 1274 3916 p.
1311 3846 1430 3901 278.

616 3930 676 3999 3)
711 3929 1005 4002 Berger,
1045 3932 1085 3985 1.
1111 3948 1186 3987 αι
1225 3942 1332 3987 tam
1369 3932 1500 4002 quia
1538 3931 1763 3987 alterum
1799 3948 1862 3985 επ
1884 3932 2055 3985 altero
2092 3947 2201 3985 non
2236 3934 2599 4001 consequitur,

489 4018 576 4070 cui
609 4035 718 4071 non
746 4026 922 4087 potest
945 4018 1146 4089 referri
1170 4019 1563 4084 iusiurandum,
1602 4018 1651 4070 is
1686 4034 1783 4071 nec
1805 4017 1943 4070 idem
1968 4018 2181 4087 deferre
2204 4017 2338 4071 illud
2364 4026 2563 4087 potest.
