2816 4704
1512 267 1589 328 18

495 429 636 498 lare
679 433 916 518 possit,
962 430 1220 516 sibique
1264 431 1473 499 videri
1518 433 1689 497 nihil
1731 433 1861 497 nisi
1902 431 2305 498 calumniose
2358 437 2610 517 petere,

496 545 572 600 ut
625 536 898 600 libellus
959 535 1209 599 edatur.
1310 535 1462 600 Hoc
1519 537 1725 623 igitur
1776 537 1927 599 loco
1994 533 2187 600 docet
2242 535 2613 598 iuramenta

497 659 694 722 quam
739 639 1060 702 latissime
1105 636 1481 702 adhibenda
1520 659 1682 702 esse.
1770 635 2063 712 Accedit,
2107 637 2309 723 idque
2336 635 2611 700 maioris

499 743 695 805 etiam
741 741 1055 805 momenti
1099 750 1220 814 est,
1268 740 1451 826 quod
1495 741 1727 826 paullo
1757 750 1909 826 post
1936 738 1985 806 J
1990 761 2173 814 ason,
2202 739 2319 804 ubi
2352 737 2435 802 de
2464 759 2610 822 cap.

501 843 630 908 2X.
679 844 836 928 agit,
885 843 996 921 (lc.
1041 842 1158 905 fol.
1213 849 1333 906 100
1377 849 1487 906 n0.
1535 849 1641 924 84)
1686 843 1903 909 verbis
1949 841 2087 907 fere
2132 839 2367 906 iisdem
2412 849 2615 923 atque

500 966 666 1028 quae
715 945 854 1007 eius
899 944 1072 1008 libro
1120 942 1200 1008 de
1229 945 1607 1010 actionibus
1639 947 1887 1008 inserta
1916 954 2091 1018 sunt,
2122 944 2349 1007 utitur.
2424 941 2617 1006 Dicit

501 1047 672 1108 enim
734 1048 801 1108 in
862 1068 938 1110 eo
994 1049 1209 1131 capite
1265 1069 1489 1112 casum
1547 1049 1763 1112 inesse
1818 1048 2099 1112 maxime
2152 1045 2615 1110 admirabilem

498 1168 618 1212 nec
664 1147 820 1211 dum
861 1169 1070 1233 usque
1113 1149 1199 1212 ad
1242 1150 1594 1214 Bartolum
1640 1150 1805 1214 satis
1836 1149 2341 1222 consideratum,
2374 1171 2415 1210 a
2446 1169 2613 1232 quo-

499 1273 652 1314 nam
699 1250 962 1314 tandem
1009 1251 1274 1316 doctum
1319 1255 1434 1317 sit:
1482 1276 1563 1317 ex
1606 1253 1733 1316 isto
1773 1254 1989 1338 capite
2018 1251 2351 1337 consequi,
2396 1271 2613 1334 neque

497 1354 886 1438 probatione
929 1339 1239 1418 absoluta
1281 1357 1719 1420 iuramentum
1762 1354 2128 1418 calumniae
2173 1353 2456 1439 amplius
2488 1374 2615 1436 po-

499 1459 733 1521 stulari
778 1480 1005 1543 posse,
1055 1481 1266 1542 neque
1313 1457 1748 1542 torquendum
1794 1477 1937 1522 esse
1980 1477 2377 1542 quemquam
2420 1455 2613 1517 inno-

505 1562 720 1624 centia
765 1582 882 1624 sua
928 1560 1228 1645 probata.

673 1659 810 1740 Qui
839 1671 1100 1748 poterat
1129 1662 1288 1735 fieri,
1319 1671 1398 1724 ut
1425 1663 1539 1746 qui
1567 1661 1875 1746 pluribus
1914 1663 2083 1726 locis
2115 1660 2611 1736 demonstravit,

504 1785 700 1848 quam
744 1764 1065 1848 plurimas
1113 1786 1342 1829 causas
1389 1786 1533 1829 esse
1564 1763 1980 1828 iureiurando
2014 1763 2435 1837 dirimendaS,
2468 1763 2616 1850 qui-

503 1888 630 1950 que
698 1887 898 1951 quum
963 1866 1326 1950 permultas
1398 1867 1744 1930 recusandi
1816 1887 2043 1931 causas
2118 1867 2615 1939 enumeraverit,

503 1967 690 2045 (ibid.
714 1967 834 2031 fol.
867 1974 986 2030 124
1002 1975 1106 2030 n0.
1140 1974 1201 2049 7)
1229 1967 1308 2032 de
1345 1990 1421 2032 eo
1448 1971 1560 2053 qui
1590 1970 1987 2054 probaturus
2022 1977 2123 2034 est
2150 1970 2383 2044 tacuit3
2416 1991 2615 2052 quem

507 2069 788 2155 denique
842 2070 1298 2156 allegaverunt
1351 2072 1465 2156 qui
1524 2070 1935 2155 probationis
1994 2092 2126 2133 non
2170 2069 2617 2135 admittendae

504 2183 832 2236 auctorem
878 2176 1336 2257 quaesiverunt
1357 2179 1437 2255 ¹),
1472 2174 1587 2258 qui
1616 2173 1755 2236 fieri
1789 2193 2029 2256 quaeso
2060 2173 2305 2258 potuit,
2336 2182 2412 2236 ut
2440 2170 2620 2236 idem

473 2277 604 2355 ¹vir
671 2276 802 2339 alio
863 2275 1008 2338 loco
1080 2275 1445 2350 doctrinam
1513 2275 1777 2338 omnino
1846 2275 2239 2338 contrariam
2309 2273 2619 2339 doceret?

507 2377 688 2457 Quid
731 2380 924 2443 vero?
1011 2378 1244 2443 Nonne
1305 2377 1621 2443 facillime
1680 2379 1935 2444 evenire
1980 2379 2231 2464 potuit,
2276 2387 2351 2441 ut
2394 2378 2621 2442 scriba

503 2480 784 2565 quilibet
827 2480 1096 2545 miratus
1143 2482 1395 2545 scilicet
1437 2482 1565 2545 ista
1606 2480 1807 2546 verba
1850 2506 2024 2545 casus
2069 2494 2159 2546 est
2200 2482 2276 2546 de
2306 2484 2416 2546 hoc
2442 2483 2614 2545 mul-

507 2594 638 2646 tum
681 2584 978 2645 notabilis
1022 2594 1082 2647 et
1116 2586 1485 2667 pereyrinua
1529 2586 1594 2646 in
1639 2606 1773 2668 cap.
1820 2584 1952 2646 2X.
2010 2584 2085 2646 de
2130 2586 2350 2669 prob„
2408 2604 2616 2668 quum

505 2682 1008 2767 descriptionem
1064 2684 1251 2746 illam
1305 2706 1519 2768 nuper
1577 2692 2005 2747 memoratam
2080 2684 2161 2747 ab
2221 2683 2270 2749 J
2272 2704 2471 2748 asone
2526 2684 2618 2747 ad

503 2784 552 2848 l.
595 2791 673 2849 31
724 2784 810 2847 D.
856 2784 1099 2849 factam
1143 2786 1496 2871 ignoraret,
1544 2786 1989 2871 interponeret
2017 2786 2246 2850 verba:
2295 2790 2389 2851 vel
2420 2791 2617 2851 etiam

507 2890 684 2972 offert
725 2910 788 2951 se
823 2890 1283 2972 probaturum?
1370 2887 1517 2951 Iam
1562 2888 1735 2950 enim
1778 2888 2019 2951 habere
2074 2888 2204 2952 sibi
2247 2886 2615 2961 videbatur,

504 2987 678 3051 unde
723 2988 1062 3075 singulare
1103 2989 1274 3053 illud
1317 2999 1384 3055 et
1429 2989 1731 3054 mirabile
1791 2988 2035 3052 dictum
2092 2988 2355 3053 facilius
2402 2988 2619 3073 expli-

505 3110 651 3153 care
692 3101 940 3175 posset,
989 3092 1166 3176 quod
1213 3094 1426 3177 capite
1474 3090 1605 3156 2X.
1654 3100 1874 3154 extare
1920 3090 2199 3157 vidimus
2221 3096 2299 3173 2).

676 3192 803 3256 His
856 3192 936 3257 de
967 3194 1179 3256 causis
1209 3214 1600 3277 persuasum
1631 3191 1796 3254 mihi
1828 3200 1949 3266 est,
1996 3192 2108 3256 isti
2138 3191 2187 3257 J
2188 3192 2407 3257 asonis
2443 3192 2617 3257 dicto

505 3293 739 3355 merito
795 3293 969 3356 haud
1030 3316 1339 3379 magnam
1397 3294 1662 3378 quidem
1718 3296 1848 3360 vim
1910 3295 2132 3360 tribui.
2218 3294 2353 3361 Nec
2396 3306 2616 3359 tamen

507 3403 580 3456 ut
641 3394 772 3457 iam
827 3396 1151 3481 integram
1211 3395 1340 3460 vim
1401 3397 1463 3459 ei
1518 3396 1982 3471 concedamus,
2030 3396 2211 3461 aliud
2256 3395 2617 3482 quidquam

641 3601 699 3667 1)
740 3602 809 3655 cf.
847 3600 1096 3654 Maran
1115 3606 1187 3653 ta
1233 3599 1273 3654 1.
1299 3616 1347 3653 c.
1386 3615 1442 3670 p.
1468 3598 1573 3653 333
1598 3603 1687 3651 η’.
1712 3597 1797 3652 74.
1826 3605 1876 3651 et
1911 3600 2122 3667 coqitur
2142 3615 2266 3652 reus
2300 3606 2400 3653 aut
2430 3600 2617 3655 iurare

507 3694 602 3739 aut
638 3688 991 3739 iuramentum
1016 3684 1229 3755 deferre
1253 3681 1517 3751 (referre
1544 3686 1679 3749 em.)
1711 3701 1817 3737 non
1854 3685 2096 3737 obstante
2131 3686 2273 3754 quod
2308 3694 2617 3754 separatum

503 3774 596 3837 (80
619 3772 919 3845 paratum
954 3774 1095 3839 em.)
1133 3770 1457 3824 contrarium
1486 3770 1723 3838 probare
1734 3788 1753 3836 ;
1792 3770 1871 3822 sic
1908 3768 2037 3823 dicit
2070 3769 2249 3823 Jason
2286 3772 2361 3824 ad
2407 3772 2505 3841 1⁶9.
2536 3772 2613 3826 D.

503 3859 840 3927 manifestae.

641 3941 699 4009 2)
740 3942 927 4013 Aegre
961 3940 1224 4010 equidem
1257 3941 1393 4009 fero,
1431 3956 1519 3995 me
1556 3954 1669 3994 uno
1702 3944 1917 3993 tantum
1956 3937 2115 3992 istius
2144 3938 2279 3992 libri
2304 3941 2617 4011 exemplari

503 4026 754 4097 potuisse
786 4028 885 4082 uti.
