2816 4704
1213 257 1291 316 21

229 419 437 486 detur.
548 420 784 506 Itaque
849 431 925 485 ut
1001 442 1170 505 quae
1235 421 1558 485 sententia
1635 443 1787 485 vera
1864 423 1954 485 sit
2032 422 2333 507 explore-

227 544 408 597 mus,
455 532 652 608 caput
701 523 820 586 ult.
868 525 976 586 cit.
1024 523 1403 609 diligentius
1452 521 2025 588 considerabimus.
2113 523 2333 590 Verba

233 625 394 689 haec
441 633 626 688 sunt:

1005 709 1221 774 Idem
1267 711 1551 774 iudici.-

397 814 832 876 Iuramentum
877 835 916 874 a
964 822 1020 875 te
1059 814 1241 896 parti
1283 813 1559 876 delatum
1622 814 1748 875 nisi
1802 814 1967 876 iusta
2024 814 2097 876 de
2146 836 2331 877 cauea

226 937 352 978 non
385 915 605 998 potuit
633 915 925 975 recusari.
1002 911 1297 990 Quamvis
1327 914 1497 997 quod
1526 917 1591 976 in
1622 913 1851 976 iudicio
1882 939 1921 978 a
1948 926 2131 999 parte
2153 919 2337 999 parti

227 1015 510 1098 defertur
551 1015 825 1078 recusari
857 1017 1060 1098 possit
1108 1015 1304 1090 licite,
1349 1039 1423 1078 ac
1462 1016 1687 1098 referri
1724 1051 1811 1062 --
1854 1052 1939 1061 —
1980 1053 2063 1062 —

398 1131 633 1195 Talem
687 1131 1036 1196 verborum
1101 1131 1397 1196 ordinem
1469 1141 1534 1196 et
1588 1133 2179 1217 interpunctionem
2233 1154 2335 1198 se-

227 1243 416 1298 cutus
459 1234 676 1318 primo
723 1242 990 1317 aspectu
1032 1255 1222 1298 nemo
1271 1233 1632 1306 dubitabit,
1692 1235 1849 1318 quin
1900 1255 2201 1314 recusare
2252 1255 2334 1298 an

225 1335 470 1400 referre
533 1335 763 1398 mallet
833 1336 1040 1419 partis
1097 1336 1365 1400 arbitrio
1434 1355 1815 1400 concessum
1885 1334 2105 1399 fuerit.
2206 1332 2335 1400 Cui

227 1436 750 1521 interpretationi
793 1437 1244 1520 patrocinatur
1274 1438 1471 1500 etiam
1500 1436 1748 1523 glossa,
1798 1438 2116 1501 auxilium
2154 1437 2332 1502 haud

230 1537 802 1610 contemnendum,
851 1539 1092 1622 quippe
1139 1561 1306 1622 quae
1352 1539 1614 1602 disertis
1662 1540 1876 1604 verbis
1909 1539 2233 1626 disiungit
2264 1541 2332 1602 in

229 1642 402 1705 hunc
447 1640 734 1713 modum,
779 1641 966 1703 ‘licite
1009 1661 1206 1725 posse
1235 1654 1491 1725 partem
1530 1650 1601 1705 et
1626 1663 1927 1705 recusare
1955 1650 2030 1706 et
2066 1640 2334 1706 referre.

227 1742 454 1807 Nihilo
515 1742 729 1804 minus
787 1751 1002 1804 tamen
1061 1740 1185 1804 hoc
1231 1741 1659 1806 obtinendum
1701 1752 1897 1828 pute,
1944 1745 2334 1810 contrariam

230 1846 352 1910 iuri
397 1843 696 1908 Romano
741 1841 1106 1906 doctrinam
1151 1843 1275 1906 illo
1321 1845 1533 1929 capite
1578 1865 1713 1908 non
1756 1846 2094 1909 contineri.
2168 1845 2333 1910 Nam

229 1928 769 2012 commentatores
815 1936 1112 2029 quamvis
1153 1946 1525 2030 ubicunque
1557 1946 1637 2010 de
1668 1949 1880 2031 capite
1912 1948 2131 2034 agitur
2157 1970 2334 2013 com-

229 2050 764 2122 memoraverint,
812 2069 954 2112 esse
1005 2049 1116 2132 qui
1179 2049 1434 2132 aliquid
1487 2051 1637 2113 novi
1704 2071 1780 2114 eo
1827 2051 2145 2114 statutum
2190 2072 2333 2115 esse

228 2153 590 2225 crederent,
635 2151 834 2216 iidem
880 2159 1098 2216 tamen
1143 2171 1365 2216 omnes
1414 2152 1543 2214 sibi
1589 2173 1973 2236 persuasum
2005 2150 2249 2216 habent
2268 2155 2327 2233 ¹)

229 2256 468 2320 falsam
525 2274 668 2318 esse
729 2253 914 2318 istam
961 2253 1369 2325 sententiam,
1416 2253 1742 2338 simulque
1785 2252 2191 2318 arbitrariam
2233 2277 2335 2318 re·-

231 2356 504 2421 cusandi
548 2354 929 2420 facultatem
975 2365 1088 2419 aut
1133 2355 1394 2421 disertis
1442 2356 1655 2421 verbis
1702 2356 2166 2433 condemnant,
2224 2368 2338 2421 aut

229 2459 534 2544 pluribus
597 2456 942 2523 recusandi
995 2458 1210 2521 causis
1271 2460 1665 2522 enumeratis
1692 2463 1747 2538 2)
1814 2480 2013 2521 unum
2070 2470 2337 2523 conten-

229 2560 398 2625 dunt
454 2560 651 2645 idque
711 2562 932 2625 solum
991 2560 1160 2623 inter
1215 2560 1315 2624 ius
1375 2558 1747 2623 Romanum
1808 2570 1873 2623 et
1914 2560 2335 2626 Pontificium

231 2662 358 2727 hoc
402 2684 546 2728 esse
591 2663 963 2735 discrimen,
1011 2660 1188 2744 quod
1234 2662 1300 2724 in
1345 2663 1468 2727 illo
1513 2662 1860 2727 recusandi
1894 2684 2127 2727 causae
2158 2664 2367 2749 apud-

231 2764 511 2829 iudicem
557 2764 644 2829 ad
685 2788 877 2850 quem
923 2768 1298 2852 appelletur
1337 2764 1762 2850 exponendae
1809 2766 1961 2839 sint,
2008 2765 2164 2830 dum
2195 2766 2335 2830 iure

232 2867 580 2933 Pontificio
627 2879 892 2933 cautum
935 2870 1054 2946 sit,
1099 2891 1182 2933 ne
1213 2866 1388 2954 apud
1432 2866 1715 2930 iudicem
1760 2865 2135 2930 inferiorem
2176 2889 2335 2953 pro-

231 2971 548 3039 ferantur.

399 3072 612 3137 Immo
659 3094 810 3140 vero
857 3095 938 3137 ex
980 3073 1128 3157 ipso
1175 3070 1388 3156 capite
1434 3070 1633 3133 citato
1649 3113 1670 3143 ,
1735 3068 2091 3133 dummodo
2138 3071 2337 3134 inter-

225 3177 649 3263 punctionem
687 3184 1194 3247 commutemus,
1235 3172 1540 3237 idoneam
1578 3173 2183 3256 interpretationem
2219 3171 2331 3237 de-

229 3297 534 3364 promere
561 3298 935 3361 possumus.
1007 3274 1176 3339 Nam
1215 3276 1394 3360 quod
1428 3274 1653 3361 glossa
1683 3274 1804 3337 illa
1828 3272 2227 3347 adversatur,
2261 3295 2337 3338 eo

233 3380 496 3465 quidem
529 3380 743 3442 minus
776 3397 1132 3451 movemur,
1174 3378 1487 3462 quoniam
1519 3376 1958 3461 antiquissimi
1986 3377 2339 3461 scriptores

371 3586 430 3649 1)
467 3584 666 3639 citatis
703 3582 946 3637 addendi
991 3588 1154 3634 sunt:
1187 3578 1417 3635 «lason
1452 3580 1523 3633 ad
1559 3578 1603 3636 1.
1638 3578 1708 3632 38
1742 3578 1813 3632 D.
1850 3580 1930 3634 ht.
1967 3609 2037 3619 —-
2070 3577 2341 3632 Donel-

231 3670 342 3723 lus
377 3669 416 3724 1.
442 3685 487 3721 c.
525 3668 596 3723 ad
629 3668 672 3721 1.
707 3668 740 3721 9
777 3668 839 3722 C.
877 3685 932 3737 p.
969 3666 1086 3720 530.
1133 3696 1202 3707 -
1247 3664 1605 3719 Gonzalez
1663 3664 1912 3719 Tellez
1961 3665 2031 3717 ad
2076 3661 2342 3717 decretal.

236 3754 802 3905 mt‘12')‘1⁵312‘1·t01us
833 3839 874 3891 1.
899 3854 946 3893 ο.
982 3854 1038 3907 p.
1073 3836 1190 3891 572.
1213 3864 1281 3875 -
1304 3834 1572 3889 samus
1607 3833 1634 3886 1
1669 3850 1717 3886 ο.
1752 3833 1850 3889 ῑοΙ.
1872 3832 1993 3887 262.
2016 3862 2083 3871 -
2106 3830 2341 3887 Jason

233 3924 274 3977 1.
302 3942 350 3980 c.
387 3925 482 3979 fol.
521 3923 622 3978 124
654 3929 744 3978 11⁰.
771 3922 992 3977 ¹L---de
1027 3928 1132 3977 act.
1162 3920 1255 3975 sol.
1281 3921 1383 3975 111
1412 3924 1505 3973 11⁰.
1545 3916 1995 3973 83.—Duaren
2017 3917 2057 3975 1.
2079 3932 2127 3971 c.
2148 3934 2271 3987 cap.
2291 3916 2343 3972 4.

237 4018 306 4051 -ὲ-
340 4008 683 4065 Donellus
720 4009 760 4065 1.
784 4026 829 4063 c.
866 4026 921 4079 p.
957 4006 1076 4062 525.
