2816 4704
1466 233 1543 296 10

626 401 1033 466 Bartolus
1094 399 1198 465 ad.
1258 392 1332 466 l.v
1367 409 1447 465 14
1500 402 1553 486 ξ.
1612 407 1651 466 3
1718 401 1793 468 Ο.
1850 400 1937 468 (16
1996 421 2130 468 11011
2184 423 2366 468 1111111.
2422 425 2567 489 pec.

459 503 540 586 (l.
585 524 640 567 c.
685 526 752 590 p.
797 511 924 570 422
968 527 1029 570 n.
1083 509 1204 586 13.)
1253 507 1328 572 de
1373 511 1505 570 iure
1550 511 1841 592 antiquO,
1898 507 2143 591 inquit,
2203 507 2369 572 licite
2426 511 2567 592 quis

454 619 715 692 poterat
773 631 1052 674 recusare
1109 613 1557 684 iuramentum,
1616 612 1674 673 si
1744 611 1985 676 dicebat
2040 633 2103 674 se
2174 611 2443 693 probare
2504 621 2563 678 et

458 708 710 775 nolebat
753 733 814 774 se
869 711 1138 776 relevari
1176 737 1214 776 a
1251 712 1761 796 probationibus,
1805 723 1877 774 ut
1920 713 1963 774 l.
2008 717 2093 775 30
2133 735 2235 796 pr.
2279 711 2365 776 D.
2414 713 2501 774 ht.-

629 809 774 874 Hac
817 810 964 896 lege
1009 813 1358 886 tricesima,
1403 835 1535 898 qua
1580 811 1659 877 de
1703 813 1820 877 lite
1866 812 2207 878 infitiando
2239 823 2572 878 cres-cente

463 913 712 998 agitur,
778 912 846 976 id
905 916 1246 988 statuitur,
1304 927 1376 978 ut
1434 915 1525 982 in,
1558 913 1973 978 iureiurando
2020 914 2238 980 delato
2286 937 2367 978 ne
2412 916 2574 980 insit

461 1014 784 1078 infitiatio.
831 1015 1067 1100 Itaque
1099 1018 1213 1102 qui
1243 1027 1424 1082 actor
1452 1019 1625 1084 iurat
1654 1017 1968 1103 simplum
2000 1017 2301 1100 acquirit.
2364 1015 2575 1098 Quod

461 1113 698 1180 durum
765 1139 907 1182 esse
967 1118 1250 1196 Paullus
1308 1120 1457 1186 ideo
1519 1131 1753 1207 negat,
1814 1120 2125 1203 quoniam
2188 1131 2367 1184 actor
2430 1127 2577 1184 tum

461 1219 879 1283 iureiurando
940 1242 978 1285 a
1043 1243 1306 1288 munere
1376 1221 1702 1310 probandi
1774 1222 2091 1286 liberatus
2156 1221 2577 1286 commodum

461 1319 652 1388 ferat.
740 1321 930 1386 Hanc
993 1324 1221 1388 Paulli
1275 1326 1663 1389 sententiam
1723 1323 2035 1388 Bartolus
2106 1325 2199 1387 ita
2254 1326 2576 1410 interpre-

466 1433 663 1500 tatus,
709 1433 1022 1512 tanquam
1069 1427 1186 1491 1116
1224 1426 1608 1492 beneficium
1637 1427 1851 1492 inesse
1886 1427 2159 1492 dixisset
2189 1429 2255 1490 in
2286 1449 2361 1492 eo
2395 1427 2581 1514 quod

467 1539 646 1591 actor
689 1528 885 1592 etiam
930 1538 1068 1592 tum
1113 1529 1476 1594 iuramento
1510 1530 1790 1614 probare
1834 1530 2068 1615 possit,
2100 1530 2426 1616 simulque
2456 1553 2578 1596 no-

461 1631 718 1696 tissima
777 1632 900 1695 illa
952 1633 1187 1719 regula
1265 1633 1629 1712 „beneficia
1687 1656 1820 1698 non
1860 1633 2346 1698 obtruduntur“
2411 1655 2575 1699 usus

467 1743 756 1798 actorem
801 1744 1292 1820 argumentatus
1339 1747 1441 1799 est
1483 1757 1617 1798 non
1662 1757 1803 1800 esse
1835 1735 2223 1822 cogendum,
2272 1735 2329 1799 si
2359 1735 2577 1801 iurare

467 1836 657 1910 nolit,
706 1836 858 1921 quia
903 1835 1184 1900 facultas
1231 1835 1490 1900 iurandi
1540 1837 1833 1902 beneficii
1862 1839 2073 1925 gratia
2103 1839 2161 1902 ci
2193 1838 2439 1902 tributa
2468 1839 2579 1902 sit.

469 1935 622 2017 Quo
687 1935 1000 2002 beneficio
1062 1938 1120 2004 si
1171 1939 1268 2002 uti
1321 1939 1526 2014 nolit,
1572 1940 1875 2026 legitima
1917 1939 2308 2026 probatione
2356 1941 2579 2004 omnia

467 2060 634 2126 quae
693 2060 773 2104 ex
818 2040 1205 2106 infitiatione
1251 2038 1336 2104 ad
1379 2063 1529 2106 eum
1574 2041 1971 2116 redundent,
2029 2063 2176 2106 eum
2219 2043 2577 2128 acquirere.

471 2139 786 2206 Bartolus
833 2141 1071 2230 igitur,
1118 2152 1193 2208 ut
1236 2143 1396 2206 mihi
1444 2143 1707 2228 quidem
1755 2144 2040 2218 videtur,
2086 2166 2305 2210 veram
2350 2144 2597 2222 Paulli,

471 2245 859 2309 sententiam
903 2267 1036 2308 non
1078 2245 1422 2332 intelligit,
1471 2244 1540 2309 id
1585 2245 1761 2332 quod
1805 2248 1935 2310 iam
1977 2244 2128 2310 inde
2157 2247 2577 2333 perspicuum

467 2346 561 2421 fit,
610 2347 790 2434 quod
834 2370 999 2433 quae
1046 2345 1204 2412 dicit
1247 2347 1331 2411 ad
1375 2347 1620 2413 falsum
1666 2348 1861 2414 finem
1906 2372 2026 2415 1106
2074 2347 2319 2414 ducunt
2378 2361 2577 2435 atque

471 2459 643 2514 certe
687 2451 1017 2515 contraria
1061 2461 1213 2515 sunt
1257 2452 1349 2526 ei,
1408 2450 1587 2536 quod
1631 2454 1701 2515 in
1747 2452 2165 2517 iureiurando
2213 2452 2432 2516 delato
2478 2452 2579 2514 in-
2657 2504 2671 2513 .

471 2551 854 2616 fitiationem
898 2572 1032 2616 non
1075 2553 1288 2619 inesse
1319 2553 1600 2617 Paullus
1632 2554 1823 2618 docet
1846 2556 1930 2636 ι).
1998 2555 2129 2619 Hic
2165 2564 2383 2619 autem
2414 2553 2579 2617 Bar-

457 2654 597 2716 ⁴toli
643 2676 821 2717 error
866 2676 942 2717 eo
981 2654 1246 2719 facilius
1294 2656 1571 2720 existere
1618 2667 1897 2741 poterat,
1945 2658 2257 2744 quoniam
2304 2655 2383 2721 de
2416 2668 2578 2721 tem-

470 2778 632 2841 pore
677 2758 1030 2842 praeterito
1078 2756 1288 2842 deque
1333 2769 1683 2844 praecepto
1728 2759 2030 2823 obsoleto
2080 2760 2318 2847 agebat
2340 2764 2420 2839 2).

648 2858 910 2943 Ι*1)1(16111
959 2858 1192 2945 paullo
1245 2869 1400 2945 post
1433 2860 1747 2925 Bartolus
1794 2859 2167 2926 declarans:
2215 2883 2329 2925 cur
2381 2861 2587 2925 iusiu-

473 2961 754 3028 randum
801 2972 1026 3027 contra
1071 2961 1537 3028 documentum
1579 2974 1736 3049 post
1791 2962 2130 3028 biennium
2183 2962 2423 3029 deferri
2468 2985 2581 3028 ne-
2678 2953 2688 2976 ²

475 3066 787 3153 queat,'-
813 3066 984 3131 sicut
1016 3089 1092 3131 ea
1109 3088 1284 3151 pars,
1311 3089 1479 3149 quae
1498 3066 1695 3151 plene
1727 3066 2122 3150 probaverit,
2147 3067 2583 3131 iuramentum

476 3190 780 3233 recusare
823 3170 1075 3253 possit,
1124 3172 1238 3244 ita,
1281 3167 1517 3252 inquit,
1565 3168 1660 3232 hic
1702 3170 1811 3233 ille
1852 3172 1965 3255 qui
2012 3170 2193 3234 habet
2238 3173 2583 3234 cautionem

476 3271 552 3335 de
593 3270 820 3345 soluto,
844 3281 995 3355 post
1026 3270 1337 3333 biennium
1369 3270 1643 3356 elapsum
1676 3284 1888 3357 posset
1916 3273 2153 3337 dicere:
2182 3273 2329 3335 nolo
2354 3274 2581 3347 iurare,

477 3375 626 3459 quia
676 3372 860 3457 plene
912 3372 1112 3457 probo
1128 3396 1154 3446 ;
1212 3408 1293 3419 -
1359 3383 1421 3436 et
1480 3372 1643 3437 idem
1710 3396 1835 3439 6666
1869 3385 2069 3459 pum,
2113 3374 2281 3459 quod
2321 3386 2476 3439 esset
2517 3377 2583 3437 in

479 3494 649 3557 omni
705 3494 988 3555 cautione
1003 3516 1030 3565 ;
1089 3490 1186 3554 hic
1243 3501 1334 3555 eet
1391 3514 1566 3555 casus
1625 3502 1685 3555 et
1728 3492 1839 3557 hoc
1884 3495 1949 3555 in
1992 3516 2268 3557 summa.-
2326 3495 2435 3558 ille
2474 3495 2587 3577 qui

469 3595 655 3681 plene
690 3594 927 3679 probat
969 3614 1090 3655 non
1139 3595 1382 3677 coyitur
1424 3596 1651 3659 iurare.
1699 3630 1781 3641 -———
1837 3591 1989 3673 Quo
2046 3602 2265 3657 tamen
2319 3594 2389 3657 in
2430 3595 2581 3658 loco

478 3716 893 3781 nequaquam
940 3694 1385 3759 existimamus
1432 3692 1515 3759 (16
1558 3694 1681 3759 hac
1722 3694 2134 3781 probatione,
2182 3716 2348 3783 quae
2393 3696 2583 3760 nobis

621 3916 678 3985 1)
718 3917 791 3970 cf.
839 3913 984 3970 Nov.
1025 3913 1092 3969 18
1126 3931 1174 3971 c.
1211 3913 1261 3969 8.

617 4002 677 4072 2)
719 4005 784 4056 de
805 4004 933 4056 ϊυνε
969 3998 1238 4076 antiquo
1277 4000 1417 4055 licite
1453 3999 1731 4075 poterat.
