2816 4704
1225 327 1303 390 19
1334 368 1338 374 -

206 495 328 559 illo
379 495 748 585 continetur
787 495 918 560 nisi
963 494 1107 569 hoc,
1155 517 1303 560 eum
1335 497 1449 582 qui
1477 496 1757 581 probare
1809 497 1973 563 velit
2012 517 2313 564 recusare

203 619 402 683 posse
446 597 934 674 iusiurandum3
981 607 1048 661 at
1091 619 1220 682 quo
1268 600 1408 663 iure
1456 600 1602 686 quis
1650 599 1843 672 dicat,
1890 599 2057 664 hanc
2104 601 2315 685 ipsam

201 701 546 766 recusandi
590 700 976 764 facultatem
1021 700 1190 763 nihil
1236 721 1378 766 esse
1423 702 1552 766 nisi
1598 723 1740 766 eam
1784 700 1865 766 de
1897 724 2027 786 qua
2058 704 2316 788 agimus

200 804 656 888 probationem
698 824 820 888 pro
860 802 1277 866 exonera-uda
1321 805 1741 877 conscientia,
1788 804 2091 888 equidem
2123 805 2318 868 intel-

201 904 409 991 ligere
454 928 656 990 quum
699 925 1018 990 nequeam
1063 906 1296 991 cuique
1359 907 1618 992 integro
1678 905 2169 969 diiudicandum
2213 929 2317 970 re-

201 1005 452 1090 linquo,
542 1006 716 1072 Vera
773 1014 988 1071 tamen
1035 1009 1272 1071 erroris
1319 1029 1516 1071 causa
1562 1017 1661 1072 est
1703 1007 1901 1081 haec,
1950 1008 2125 1093 quod
2168 1006 2309 1072 fere

198 1108 431 1172 iisdem
463 1109 679 1174 verbis
703 1109 924 1172 Italici
967 1106 1119 1173 ICti
1149 1111 1625 1174 recusationem
1662 1111 2084 1174 iurisiurandi
2111 1111 2317 1196 signi-

200 1209 429 1284 ficant,
487 1211 726 1295 quibus
782 1210 993 1274 hodie.
1037 1232 1158 1276 nos
1223 1211 1308 1274 ad
1352 1210 1787 1276 definiendam
1834 1215 2027 1276 istam
2072 1214 2316 1298 proba-

199 1312 447 1375 tionem
501 1312 784 1386 utimur,
848 1313 1103 1376 scilicet
1160 1313 1370 1379 verbis
1422 1313 1809 1394 „defendere
1854 1314 2316 1377 conscientiam

197 1413 732 1499 probationibuS,
797 1415 1094 1480 defensio
1161 1416 1662 1492 conscientiae“‚
1728 1437 1857 1501 quo
1921 1414 2148 1479 eodem
2196 1435 2315 1478 no-

201 1517 376 1580 mine
421 1515 693 1582 diversis
725 1517 920 1582 rebus
955 1517 1252 1581 adhibito
1285 1516 1586 1603 decepti
1571 1541 1696 1580 lam
1732 1528 1921 1581 antea
1953 1518 2314 1601 scriptores

200 1620 590 1703 praesertim
647 1617 959 1684 Saxonici
1021 1628 1463 1705 putaverunt:
1520 1617 1707 1684 ICtis
1767 1620 2018 1737 Italicis
2073 1619 2315 1705 proba-

199 1721 451 1785 tionem
496 1718 578 1784 de
620 1744 750 1807 qua
795 1722 1014 1808 agitur
1058 1731 1282 1786 notam
1325 1721 1551 1786 fuisse.

375 1821 842 1901 Quaerendum
895 1823 1098 1910 igitur
1152 1823 1459 1909 probatio
1515 1846 1635 1908 pro
1703 1823 2116 1888 exoneranda
2160 1843 2315 1886 con-

202 1924 476 1988 scientia
527 1924 702 1989 unde
767 1923 1063 1989 ducenda
1123 1926 1228 1990 sit.
1319 1924 1520 2004 Quod
1584 1948 1714 2010 quo
1772 1924 2122 1989 dilucidius
2180 1924 2313 1998 fiat,

202 2025 288 2090 ad
335 2026 438 2090 ius
482 2025 852 2090 Romanum
897 2028 1088 2093 nobis
1131 2026 1589 2093 revertendum
1636 2029 1775 2092 erit.

1193 2250 1240 2332 ς.
1290 2253 1348 2311 e.

377 2383 601 2467 Quum
666 2395 741 2449 ut
785 2406 984 2471 supra
1029 2384 1476 2451 demonstravi
1514 2385 1951 2449 iuramentum
1996 2386 2137 2451 iure
2181 2385 2317 2450 Ro-

195 2509 392 2553 mano
457 2488 709 2553 scilicet
767 2488 1154 2573 posterioris
1216 2488 1449 2551 aetatis
1507 2509 1650 2552 eam
1712 2488 1843 2553 vim
1886 2488 2195 2563 haberet,
2242 2499 2317 2553 ut

195 2591 524 2656 sententia
580 2590 815 2653 iudicis
875 2587 1026 2653 inde
1097 2588 1447 2673 penderet,
1519 2586 1715 2653 facile
1782 2600 2009 2675 potest
2062 2591 2317 2677 colligi,

199 2713 400 2777 saepe
455 2714 493 2755 a
553 2691 968 2777 litigantibus
1031 2692 1438 2779 appellatum
1504 2712 1647 2757 esse
1712 2702 1941 2757 contra
1984 2714 2127 2758 eam
2172 2714 2317 2759 sen-

198 2794 508 2867 tentiam,
580 2814 710 2879 qua
775 2793 966 2857 alteri
1037 2794 1471 2857 iuramentum
1527 2792 1821 2857 delatum
1887 2805 2077 2861 esset.
2164 2794 2317 2875 Qua

199 2896 650 2982 appellatione
696 2918 898 2981 quum
942 2896 1304 2961 sententiae
1359 2902 1459 2961 vis
1504 2896 1573 2959 in
1616 2916 1936 2983 suspenso
1986 2897 2321 2983 relinque-

199 3009 404 3071 retur,
451 2998 647 3062 facile
693 2998 924 3073 fiebat,
981 3007 1056 3061 ut
1101 3020 1176 3062 eo
1224 2999 1329 3062 cui
1374 2998 1756 3081 impositum
1803 3007 1945 3063 erat
1986 2999 2319 3061 iusiuran-

208 3099 369 3165 dum
414 3101 661 3165 interea
711 3109 917 3164 morte
947 3098 1176 3165 functo
1210 3121 1448 3185 magna
1476 3100 1886 3184 perturbatio
1918 3108 2317 3173 nasceretur,

198 3211 276 3267 ut
321 3203 501 3290 ipsas
547 3202 700 3266 lites
745 3200 934 3267 valde
981 3222 1056 3265 eo
1103 3210 1342 3267 tractas
1388 3222 1531 3266 esse
1576 3210 1843 3265 taceam.
1932 3200 2169 3287 Itaque
2200 3202 2311 3265 Iu-

199 3306 522 3370 stinianus
565 3304 610 3366 l.
662 3310 740 3366 12
788 3299 864 3367 C.
912 3302 1004 3365 ht.
1049 3308 1109 3367 4.
1163 3311 1213 3366 1.
1259 3304 1722 3383 constituit1),
1790 3303 2031 3387 quibus
2092 3302 2321 3368 condi-

201 3405 495 3471 tionibus
523 3404 883 3491 appellatio
907 3405 1419 3490 permitteretur,
1452 3426 1583 3489 quo
1608 3403 1808 3469 modo
1832 3403 2319 3490 procedendum

203 3518 397 3583 esset,
445 3507 708 3595 quando
753 3529 894 3573 rem
937 3508 1151 3592 ipsam
1199 3507 1630 3594 suspenderet
1670 3506 2049 3593 appellatio,
2128 3505 2319 3585 Quae

202 3611 584 3685 constitutio
628 3631 1024 3695 quamquam
1067 3607 1264 3673 hodie
1322 3609 1578 3671 nullam
1626 3608 1912 3691 amplius
1958 3606 2316 3673 dubitatio-

198 3734 352 3777 nem
409 3722 703 3785 moveat,
777 3712 1084 3798 praebuit
1144 3722 1360 3774 tamen
1429 3711 1694 3774 maioris
1754 3730 2018 3774 causam
2076 3709 2317 3773 erroris

203 3814 844 3887 commentatoribus,
891 3834 1184 3898 quorum·
1214 3813 1523 3877 nonnulli
1567 3813 2027 3878 existimarunt
2058 3832 2135 3875 ea
2164 3832 2323 3875 con-

341 4002 398 4070 1)
438 4004 507 4056 cs.
543 3999 892 4055 Donellus
929 4001 998 4054 ad
1035 3999 1172 4056 Ood.
1207 3998 1334 4055 VII.
1372 4016 1427 4071 p.
1456 3998 1577 4067 54⁷,
1616 3999 1771 4055 cuius
1797 3998 2026 4069 quidem
2050 3995 2322 4067 interpre-

201 4086 474 4143 tationem
508 4102 625 4142 non
661 4085 874 4156 ubique
910 4101 1132 4156 sequor.

1829 4187 1906 4244 2·
