2816 4704
1257 293 1338 352 17

237 458 647 545 exploranda
691 467 812 532 est,
859 459 988 546 agi.
1077 457 1342 523 Etenim
1374 458 1685 524 Bartolus
1731 460 1849 523 ait:
1896 460 1954 525 si
1998 462 2145 546 quis
2188 481 2345 546 pro-

231 560 570 625 bationem
615 560 1018 624 luculentam
1045 560 1365 647 proferat,
1413 583 1560 624 eum
1602 564 1813 626 iurare
1844 583 1976 625 non
2007 563 2185 649 cogi3
2229 584 2345 627 ne-

231 685 362 746 que
407 663 764 748 quidquam
827 664 1140 727 interesse
1183 672 1445 748 potest,
1489 673 1708 727 utrum
1753 660 2079 749 gradatim
2124 684 2342 728 eoram

230 763 448 828 iudice
488 764 796 850 probatio
843 764 1253 850 perficiatur,
1318 784 1400 826 an
1462 764 1544 828 ab
1591 766 1776 828 initio
1828 765 2167 830 luculenta
2211 765 2339 828 fiat.

229 863 338 929 De
385 887 462 929 eo
507 887 697 939 vero,
737 866 853 950 qui
898 865 982 928 ad
1025 865 1441 951 probandum
1496 889 1561 930 se
1606 877 1911 951 paratum
1956 888 2097 932 esse
2144 865 2338 939 dicat,

235 969 502 1030 omnino
545 989 682 1031 non
721 968 1018 1054 loquitur
1061 968 1411 1041 Bartolus,
1470 990 1625 1032 nam
1668 973 1816 1054 quia
1856 971 2057 1054 probo
2103 969 2339 1052 inquit,

229 1091 480 1152 neque:
523 1070 676 1154 quia
717 1071 1114 1155 probaturus
1159 1091 1306 1134 sum
1327 1076 1405 1150 1).

403 1168 594 1248 Quae
655 1171 916 1235 Bartoli
969 1171 1166 1246 modo
1224 1172 1420 1234 attuli
1481 1171 1681 1236 verba
1740 1173 1797 1236 si
1859 1171 2149 1236 Wetzell
2194 1173 2341 1257 ipsa

225 1293 348 1336 nec
391 1280 603 1336 solum
667 1270 1243 1338 Schneidewinum
1301 1273 1501 1362 legit,
1562 1294 1693 1357 quo
1755 1272 1949 1336 modo
2012 1275 2091 1337 iis
2153 1279 2337 1337 su'am

227 1375 615 1439 sententiam
673 1374 918 1438 firmari
975 1384 1197 1460 putet,
1251 1397 1354 1438 me
1418 1395 1552 1438 non
1624 1374 1995 1460 intelligere
2055 1374 2339 1438 libenter

229 1477 562 1542 confiteor.
645 1477 874 1562 Atqui
930 1478 1141 1541 maius
1205 1477 1401 1540 etiam
1468 1486 1869 1540 momentum
1926 1475 2045 1538 ille
2104 1475 2338 1538 tribuit

231 1577 500 1644 Jasonis
531 1579 768 1652 verbis,
815 1601 1002 1663 quae,
1051 1580 1131 1644 ab
1180 1601 1256 1643 ea
1299 1580 1473 1644 libro
1515 1602 1635 1644 suo
1665 1581 1932 1652 inserta,
1964 1577 2221 1642 invenio
2268 1577 2337 1638 in

225 1682 400 1746 libro
445 1679 494 1747 J
507 1681 774 1745 asonis
821 1680 902 1745 de
945 1681 1311 1746 actionibus
1358 1681 1579 1768 Lugd.
1632 1686 1813 1746 1526.
1860 1679 1944 1744 ad
1990 1681 2041 1762 ξ.
2088 1681 2247 1743 item
2278 1678 2332 1742 si

233 1783 381 1868 quis
425 1782 546 1846 fol.
599 1790 714 1847 111
761 1805 825 1846 n.
871 1789 972 1846 86.

403 1883 619 1964 Quem
664 1884 928 1970 quidem
971 1885 1194 1948 locum
1247 1886 1304 1948 si
1357 1886 1505 1971 quis
1564 1886 1783 1950 solum
1828 1883 2339 1950 consideraverit

227 1987 397 2050 nihil
439 2008 710 2060 curans,
769 1985 947 2071 quod
1001 2009 1174 2052 unus
1229 1988 1345 2052 ille
1403 1998 1597 2074 atque
1656 1989 1885 2051 unicus
1932 1996 2061 2060 est,
2105 1987 2334 2050 nullus

227 2088 492 2160 dubito,
551 2091 712 2172 quin
763 2089 820 2153 is
881 2090 1008 2154 sibi
1062 2091 1192 2154 iam
1248 2086 1637 2177 persuasum
1691 2090 1962 2162 habeat,
2025 2110 2177 2153 eum
2220 2090 2334 2172 qui

224 2190 624 2275 probaturus
669 2192 756 2256 sit
798 2193 1009 2257 iurare
1053 2213 1465 2277 nequaquam
1510 2193 1675 2278 cogi.
1766 2189 2218 2274 Quamquam,
2263 2189 2335 2253 id

229 2292 408 2378 quod
452 2302 669 2359 tamen
713 2294 986 2359 minoris
1034 2295 1344 2361 momenti
1389 2316 1533 2360 esse
1574 2293 1908 2367 confiteor,
1954 2313 2111 2357 sane
2143 2291 2333 2357 dubi-

224 2396 355 2459 tari
396 2395 644 2469 licebit,
689 2418 848 2459 num
893 2417 1029 2481 cap.
1079 2396 1209 2462 2X.
1257 2396 1343 2461 ad
1385 2406 1735 2481 utrumque
1780 2405 2033 2480 spectet
2090 2417 2170 2459 ex
2214 2394 2263 2460 J
2264 2418 2333 2459 a·

226 2497 406 2562 sonis
453 2499 804 2571 sententia,
851 2506 918 2563 et
961 2498 1044 2561 ad
1091 2522 1238 2563 eum
1283 2501 1396 2585 qui
1438 2499 1707 2583 probet,
1768 2507 1832 2561 et
1876 2497 1959 2560 ad
2018 2518 2166 2561 eum
2220 2498 2333 2580 qui

222 2600 622 2685 probaturus
668 2600 772 2665 sit.
861 2600 1200 2665 Habemus
1258 2602 1464 2689 igitur
1518 2602 1651 2664 loci
1706 2600 2092 2664 sententiam
2136 2598 2331 2661 hanc:

227 2722 378 2765 eum
434 2703 548 2787 qui
619 2701 1016 2787 probaturus
1075 2705 1164 2767 sit
1233 2698 1667 2767 iuramentum
1744 2723 2047 2767 recusare
2111 2720 2328 2785 posse.

223 2801 452 2886 Neque
514 2813 737 2867 tamen
789 2802 1260 2889 negligendum
1329 2812 1460 2877 est,
1516 2806 1715 2868 immo
1771 2803 2051 2865 maxime
2094 2822 2331 2885 urgen-

225 2902 403 2977 dum,
450 2904 626 2988 quod
682 2925 852 2969 unus
897 2902 1106 2969 Jason
1164 2905 1334 2969 hanc
1389 2906 1669 2991 protulit
1720 2902 2107 2969 sententiam
2125 2923 2143 2976 3
2198 2922 2328 2983 quo

127 3004 144 3029 ³
225 3005 494 3082 accedit,
540 3004 718 3089 quod
763 3006 924 3070 mihi
967 3016 1144 3072 totus
1189 3008 1376 3071 locus
1425 3006 1617 3073 valde
1662 3014 2005 3089 suspectus
2054 3011 2169 3066 est.

395 3106 585 3171 Idem
631 3108 800 3171 enim
841 3107 885 3173 J
901 3131 984 3175 as
1006 3132 1094 3173 on
1139 3108 1226 3173 ad
1265 3109 1311 3173 l.
1360 3114 1439 3173 31
1488 3106 1572 3171 D.
1622 3107 1715 3171 ht.
1764 3106 1945 3179 dicit,
1994 3105 2062 3185 (1.
2110 3126 2161 3168 c.
2208 3102 2329 3168 fol.

229 3215 351 3273 100
393 3216 497 3271 n0.
541 3214 650 3289 74)
697 3210 900 3295 vulgo
933 3210 1173 3284 doceri,
1223 3211 1427 3274 actori
1469 3207 1889 3275 iurisiurandi
1934 3204 2333 3270 delationem

223 3331 356 3375 non
417 3311 598 3396 prius
655 3332 797 3376 esse
855 3311 1368 3386 concedendam,
1430 3335 1627 3397 quam
1670 3311 1976 3375 libellum
2023 3306 2329 3383 ediderit3

223 3413 354 3478 sibi
407 3411 670 3496 quidem
731 3412 966 3479 durum
1021 3415 1233 3477 visum
1291 3436 1433 3479 esse
1488 3414 1561 3477 id
1617 3423 2073 3497 praeceptum,
2118 3430 2331 3493 neque

224 3524 446 3579 tamen
503 3513 718 3578 ullum
774 3514 1329 3579 contradicentem
1385 3537 1456 3579 se
1521 3515 1881 3589 invenisse3
1941 3534 2124 3575 reum
2170 3512 2329 3575 satis

223 3618 547 3680 munitum
595 3637 759 3691 esse,
807 3617 986 3703 quod
1017 3628 1272 3703 tempus
1307 3615 1719 3682 deliberandi
1763 3614 2073 3679 idoneum
2104 3621 2332 3697 postu-

363 3789 420 3857 1)
464 3787 594 3841 Pari
629 3787 796 3841 modo
833 3785 1238 3843 Petrus·de
1273 3784 1569 3851 Ferrar‚
1613 3784 1652 3837 1.
1680 3799 1804 3852 c.p.
1853 3781 1951 3835 197
1989 3782 2167 3844 docet,
2204 3796 2329 3834 eum

220 3881 373 3929 recte
407 3875 776 3929 iuramentum
801 3888 1082 3926 recusare:
1119 3871 1210 3941 qui
1246 3871 1438 3923 habeat
1473 3886 1624 3923 suam
1662 3866 2000 3921 intentionem
2022 3865 2328 3934 fundatam

218 3976 318 4028 per
331 3959 606 4027 publicum
631 3958 1046 4023 instrumentum,
1083 3964 1396 4026 argumento
1432 3971 1476 4008 c.
1501 3953 1535 4007 2
1554 3954 1630 4006 Χ.
1666 3954 1730 4007 de
1758 3953 1914 4021 prob.
1939 3980 2002 3989 —
2032 3949 2113 4004 Cf.
2151 3948 2330 4002 idem

221 4044 280 4097 in
315 4044 414 4100 lib.
455 4046 560 4097 sor.
601 4044 678 4097 cit
713 4060 766 4113 p.
807 4042 906 4096 101
941 4046 1008 4094 n‘
1051 4040 1102 4093 4.

1888 4138 1925 4191 2
