<?xml version="1.0" encoding="UTF-8"?>
<!DOCTYPE html PUBLIC "-//W3C//DTD XHTML 1.0 Transitional//EN"
    "http://www.w3.org/TR/xhtml1/DTD/xhtml1-transitional.dtd">
<html xmlns="http://www.w3.org/1999/xhtml" xml:lang="en" lang="en">
 <head>
  <title>
</title>
<meta http-equiv="Content-Type" content="text/html;charset=utf-8" />
  <meta name='ocr-system' content='tesseract 3.04.00' />
  <meta name='ocr-capabilities' content='ocr_page ocr_carea ocr_par ocr_line ocrx_word'/>
</head>
<body>
  <div class='ocr_page' id='page_1' title='image "./deperiuriiniure00nissgoog_0022.png"; bbox 0 0 2816 4704; ppageno 0'>
   <div class='ocr_carea' id='block_1_1' title="bbox 1490 281 1612 344">
    <p class='ocr_par' dir='ltr' id='par_1_1' title="bbox 1490 281 1612 344">
     <span class='ocr_line' id='line_1_1' title="bbox 1490 281 1612 344; baseline 0 -2"><span class='ocrx_word' id='word_1_1' title='bbox 1490 281 1612 344; x_wconf 86' lang='grc'>,20</span> 
     </span>
    </p>
   </div>
   <div class='ocr_carea' id='block_1_2' title="bbox 502 444 2631 2370">
    <p class='ocr_par' dir='ltr' id='par_1_2' title="bbox 502 444 2621 1148">
     <span class='ocr_line' id='line_1_2' title="bbox 506 444 2615 524; baseline -0.006 -5"><span class='ocrx_word' id='word_1_2' title='bbox 506 453 811 519; x_wconf 88' lang='lat' dir='ltr'>stitutum</span> <span class='ocrx_word' id='word_1_3' title='bbox 871 469 1013 516; x_wconf 83' lang='lat' dir='ltr'>esse</span> <span class='ocrx_word' id='word_1_4' title='bbox 1032 495 1052 524; x_wconf 91' lang='lat'>,</span> <span class='ocrx_word' id='word_1_5' title='bbox 1113 458 1188 513; x_wconf 90' lang='lat' dir='ltr'>ut</span> <span class='ocrx_word' id='word_1_6' title='bbox 1247 448 1697 515; x_wconf 86' lang='lat' dir='ltr'>iusiurandum</span> <span class='ocrx_word' id='word_1_7' title='bbox 1760 448 1841 512; x_wconf 90' lang='lat' dir='ltr'>ab</span> <span class='ocrx_word' id='word_1_8' title='bbox 1904 445 2271 513; x_wconf 83' lang='lat' dir='ltr'>adversario</span> <span class='ocrx_word' id='word_1_9' title='bbox 2318 444 2615 510; x_wconf 86' lang='lat' dir='ltr'>delatum</span> 
     </span>
     <span class='ocr_line' id='line_1_3' title="bbox 502 548 2615 638; baseline -0.005 -18"><span class='ocrx_word' id='word_1_10' title='bbox 502 555 790 620; x_wconf 88' lang='lat' dir='ltr'>recusari</span> <span class='ocrx_word' id='word_1_11' title='bbox 832 555 1078 617; x_wconf 90' lang='lat' dir='ltr'>liceret.</span> <span class='ocrx_word' id='word_1_12' title='bbox 1152 549 1288 630; x_wconf 78' lang='lat' dir='ltr'>Qui</span> <span class='ocrx_word' id='word_1_13' title='bbox 1333 573 1516 615; x_wconf 90' lang='lat' dir='ltr'>error</span> <span class='ocrx_word' id='word_1_14' title='bbox 1561 573 1639 616; x_wconf 90' lang='lat' dir='ltr'>eo</span> <span class='ocrx_word' id='word_1_15' title='bbox 1684 551 1949 638; x_wconf 80' lang='lat' dir='ltr'>gravior</span> <span class='ocrx_word' id='word_1_16' title='bbox 1978 558 2099 622; x_wconf 87' lang='lat' dir='ltr'>est,</span> <span class='ocrx_word' id='word_1_17' title='bbox 2144 571 2343 634; x_wconf 86' lang='lat' dir='ltr'>quum</span> <span class='ocrx_word' id='word_1_18' title='bbox 2375 570 2457 611; x_wconf 84' lang='lat' dir='ltr'>ex</span> <span class='ocrx_word' id='word_1_19' title='bbox 2484 548 2615 610; x_wconf 90' lang='lat' dir='ltr'>hoc</span> 
     </span>
     <span class='ocr_line' id='line_1_4' title="bbox 504 649 2615 739; baseline -0.005 -18"><span class='ocrx_word' id='word_1_20' title='bbox 504 655 955 722; x_wconf 90' lang='lat' dir='ltr'>tantummodo</span> <span class='ocrx_word' id='word_1_21' title='bbox 1001 655 1112 718; x_wconf 86' lang='lat' dir='ltr'>lex</span> <span class='ocrx_word' id='word_1_22' title='bbox 1155 652 1477 739; x_wconf 83' lang='lat' dir='ltr'><strong>quaedam</strong></span> <span class='ocrx_word' id='word_1_23' title='bbox 1522 655 1684 717; x_wconf 89' lang='lat' dir='ltr'>iuris</span> <span class='ocrx_word' id='word_1_24' title='bbox 1731 651 2063 715; x_wconf 87' lang='lat' dir='ltr'>Pontificii</span> <span class='ocrx_word' id='word_1_25' title='bbox 2104 659 2277 714; x_wconf 92' lang='lat' dir='ltr'>recte</span> <span class='ocrx_word' id='word_1_26' title='bbox 2322 649 2615 734; x_wconf 83' lang='lat' dir='ltr'>intelligi</span> 
     </span>
     <span class='ocr_line' id='line_1_5' title="bbox 506 751 2617 845; baseline -0.005 -22"><span class='ocrx_word' id='word_1_27' title='bbox 506 760 747 845; x_wconf 78' lang='lat' dir='ltr'>possit,</span> <span class='ocrx_word' id='word_1_28' title='bbox 793 779 960 842; x_wconf 88' lang='lat' dir='ltr'>qua,</span> <span class='ocrx_word' id='word_1_29' title='bbox 1025 778 1232 841; x_wconf 86' lang='lat' dir='ltr'>usque</span> <span class='ocrx_word' id='word_1_30' title='bbox 1295 755 1509 819; x_wconf 83' lang='lat' dir='ltr'>adhuc</span> <span class='ocrx_word' id='word_1_31' title='bbox 1552 757 1622 818; x_wconf 87' lang='lat' dir='ltr'>ni</span> <span class='ocrx_word' id='word_1_32' title='bbox 1668 755 1872 818; x_wconf 87' lang='lat' dir='ltr'>fallor</span> <span class='ocrx_word' id='word_1_33' title='bbox 1916 754 2177 818; x_wconf 91' lang='lat' dir='ltr'>omnino</span> <span class='ocrx_word' id='word_1_34' title='bbox 2223 773 2355 816; x_wconf 87' lang='lat' dir='ltr'>non</span> <span class='ocrx_word' id='word_1_35' title='bbox 2398 751 2617 816; x_wconf 89' lang='lat' dir='ltr'>consi-</span> 
     </span>
     <span class='ocr_line' id='line_1_6' title="bbox 511 853 2615 941; baseline -0.004 -17"><span class='ocrx_word' id='word_1_36' title='bbox 511 861 755 934; x_wconf 85' lang='lat' dir='ltr'>derata,</span> <span class='ocrx_word' id='word_1_37' title='bbox 803 859 1130 922; x_wconf 81' lang='lat' dir='ltr'><strong>mehercle</strong></span> <span class='ocrx_word' id='word_1_38' title='bbox 1177 857 1257 922; x_wconf 89' lang='lat' dir='ltr'>ab</span> <span class='ocrx_word' id='word_1_39' title='bbox 1321 856 1647 922; x_wconf 89' lang='lat' dir='ltr'>inerudito</span> <span class='ocrx_word' id='word_1_40' title='bbox 1711 877 2017 941; x_wconf 86' lang='lat' dir='ltr'>perverse</span> <span class='ocrx_word' id='word_1_41' title='bbox 2062 855 2357 920; x_wconf 88' lang='lat' dir='ltr'>adhibita</span> <span class='ocrx_word' id='word_1_42' title='bbox 2401 853 2615 916; x_wconf 87' lang='lat' dir='ltr'>omnis</span> 
     </span>
     <span class='ocr_line' id='line_1_7' title="bbox 508 953 2621 1026; baseline -0.006 0"><span class='ocrx_word' id='word_1_43' title='bbox 508 962 855 1026; x_wconf 87' lang='lat' dir='ltr'>iuramenti</span> <span class='ocrx_word' id='word_1_44' title='bbox 900 960 1038 1024; x_wconf 89' lang='lat' dir='ltr'>litis</span> <span class='ocrx_word' id='word_1_45' title='bbox 1084 959 1384 1024; x_wconf 88' lang='lat' dir='ltr'>decisorii</span> <span class='ocrx_word' id='word_1_46' title='bbox 1417 959 1713 1022; x_wconf 86' lang='lat' dir='ltr'>doctrina</span> <span class='ocrx_word' id='word_1_47' title='bbox 1741 958 2194 1022; x_wconf 80' lang='lat' dir='ltr'><strong>labefactetur.</strong></span> <span class='ocrx_word' id='word_1_48' title='bbox 2260 955 2465 1018; x_wconf 80' lang='lat' dir='ltr'><strong>Extat</strong></span> <span class='ocrx_word' id='word_1_49' title='bbox 2494 953 2621 1016; x_wconf 86' lang='lat' dir='ltr'>illa</span> 
     </span>
     <span class='ocr_line' id='line_1_8' title="bbox 509 1061 1714 1148; baseline -0.002 -21"><span class='ocrx_word' id='word_1_50' title='bbox 509 1064 721 1148; x_wconf 88' lang='lat' dir='ltr'>capite</span> <span class='ocrx_word' id='word_1_51' title='bbox 767 1063 886 1127; x_wconf 89' lang='lat' dir='ltr'>ult.</span> <span class='ocrx_word' id='word_1_52' title='bbox 936 1061 1026 1126; x_wconf 90' lang='lat' dir='ltr'>X.</span> <span class='ocrx_word' id='word_1_53' title='bbox 1077 1061 1155 1125; x_wconf 95' lang='lat' dir='ltr'>de</span> <span class='ocrx_word' id='word_1_54' title='bbox 1200 1063 1461 1126; x_wconf 89' lang='lat' dir='ltr'>iureiur.</span> <span class='ocrx_word' id='word_1_55' title='bbox 1510 1068 1570 1124; x_wconf 87' lang='grc'>2.</span> <span class='ocrx_word' id='word_1_56' title='bbox 1614 1068 1714 1126; x_wconf 86' lang='grc'>24.</span> 
     </span>
    </p>

    <p class='ocr_par' dir='ltr' id='par_1_3' title="bbox 683 1159 2458 1250">
     <span class='ocr_line' id='line_1_9' title="bbox 683 1159 2458 1250; baseline -0.002 -24"><span class='ocrx_word' id='word_1_57' title='bbox 683 1163 866 1243; x_wconf 80' lang='lat' dir='ltr'>Quas</span> <span class='ocrx_word' id='word_1_58' title='bbox 915 1164 1078 1227; x_wconf 90' lang='lat' dir='ltr'>duas</span> <span class='ocrx_word' id='word_1_59' title='bbox 1121 1164 1306 1250; x_wconf 88' lang='lat' dir='ltr'>leges</span> <span class='ocrx_word' id='word_1_60' title='bbox 1355 1163 1739 1248; x_wconf 84' lang='lat' dir='ltr'>diligentius</span> <span class='ocrx_word' id='word_1_61' title='bbox 1784 1159 2198 1226; x_wconf 88' lang='lat' dir='ltr'>considerare</span> <span class='ocrx_word' id='word_1_62' title='bbox 2241 1161 2458 1224; x_wconf 89' lang='lat' dir='ltr'>liceat.</span> 
     </span>
    </p>

    <p class='ocr_par' dir='ltr' id='par_1_4' title="bbox 513 1262 2631 2370">
     <span class='ocr_line' id='line_1_10' title="bbox 683 1262 2625 1349; baseline -0.003 -19"><span class='ocrx_word' id='word_1_63' title='bbox 683 1265 1090 1330; x_wconf 85' lang='lat' dir='ltr'>Iustinianus</span> <span class='ocrx_word' id='word_1_64' title='bbox 1154 1267 1223 1328; x_wconf 91' lang='lat' dir='ltr'>in</span> <span class='ocrx_word' id='word_1_65' title='bbox 1281 1266 1475 1330; x_wconf 87' lang='lat' dir='ltr'>istius</span> <span class='ocrx_word' id='word_1_66' title='bbox 1520 1266 2009 1330; x_wconf 78' lang='lat' dir='ltr'>constitutionis</span> <span class='ocrx_word' id='word_1_67' title='bbox 2054 1262 2469 1349; x_wconf 80' lang='lat' dir='ltr'>paragrapho</span> <span class='ocrx_word' id='word_1_68' title='bbox 2516 1282 2625 1326; x_wconf 89' lang='lat' dir='ltr'>se-</span> 
     </span>
     <span class='ocr_line' id='line_1_11' title="bbox 513 1367 2623 1432; baseline -0.002 0"><span class='ocrx_word' id='word_1_69' title='bbox 513 1367 726 1432; x_wconf 91' lang='lat' dir='ltr'>cunda</span> <span class='ocrx_word' id='word_1_70' title='bbox 769 1368 870 1430; x_wconf 91' lang='lat' dir='ltr'>his</span> <span class='ocrx_word' id='word_1_71' title='bbox 914 1369 1130 1432; x_wconf 85' lang='lat' dir='ltr'>verbis</span> <span class='ocrx_word' id='word_1_72' title='bbox 1178 1389 1334 1432; x_wconf 87' lang='lat' dir='ltr'>usus</span> <span class='ocrx_word' id='word_1_73' title='bbox 1381 1378 1507 1432; x_wconf 87' lang='lat' dir='ltr'>est:</span> <span class='ocrx_word' id='word_1_74' title='bbox 1555 1369 1668 1432; x_wconf 72' lang='lat' dir='ltr'>Sin</span> <span class='ocrx_word' id='word_1_75' title='bbox 1707 1380 1913 1432; x_wconf 81' lang='lat' dir='ltr'>autem</span> <span class='ocrx_word' id='word_1_76' title='bbox 1960 1371 2011 1429; x_wconf 71' lang='lat' dir='ltr'>is</span> <span class='ocrx_word' id='word_1_77' title='bbox 2042 1371 2141 1431; x_wconf 81' lang='lat' dir='ltr'>cui</span> <span class='ocrx_word' id='word_1_78' title='bbox 2167 1377 2623 1430; x_wconf 74' lang='lat' dir='ltr'>sacramentum</span> 
     </span>
     <span class='ocr_line' id='line_1_12' title="bbox 514 1471 2624 1556; baseline -0.002 -20"><span class='ocrx_word' id='word_1_79' title='bbox 514 1484 605 1536; x_wconf 71' lang='lat' dir='ltr'>est</span> <span class='ocrx_word' id='word_1_80' title='bbox 664 1473 916 1536; x_wconf 81' lang='lat' dir='ltr'>illatum</span> <span class='ocrx_word' id='word_1_81' title='bbox 973 1473 1064 1536; x_wconf 82' lang='lat' dir='ltr'>vel</span> <span class='ocrx_word' id='word_1_82' title='bbox 1123 1497 1160 1534; x_wconf 85' lang='lat' dir='ltr'>a</span> <span class='ocrx_word' id='word_1_83' title='bbox 1219 1483 1403 1556; x_wconf 76' lang='lat' dir='ltr'>parte</span> <span class='ocrx_word' id='word_1_84' title='bbox 1462 1472 1561 1534; x_wconf 86' lang='lat' dir='ltr'>vel</span> <span class='ocrx_word' id='word_1_85' title='bbox 1606 1497 1645 1534; x_wconf 83' lang='lat' dir='ltr'>a</span> <span class='ocrx_word' id='word_1_86' title='bbox 1690 1471 1921 1548; x_wconf 79' lang='lat' dir='ltr'>iudice,</span> <span class='ocrx_word' id='word_1_87' title='bbox 1977 1471 2085 1534; x_wconf 75' lang='lat' dir='ltr'>hoc</span> <span class='ocrx_word' id='word_1_88' title='bbox 2126 1471 2325 1532; x_wconf 76' lang='lat' dir='ltr'>subire</span> <span class='ocrx_word' id='word_1_89' title='bbox 2366 1472 2624 1532; x_wconf 79' lang='lat' dir='ltr'>minime</span> 
     </span>
     <span class='ocr_line' id='line_1_13' title="bbox 516 1573 2623 1656; baseline -0.001 -21"><span class='ocrx_word' id='word_1_90' title='bbox 516 1574 804 1645; x_wconf 81' lang='lat' dir='ltr'>voluerit,</span> <span class='ocrx_word' id='word_1_91' title='bbox 852 1574 1163 1636; x_wconf 77' lang='lat' dir='ltr'>licentiam</span> <span class='ocrx_word' id='word_1_92' title='bbox 1193 1573 1439 1656; x_wconf 80' lang='lat' dir='ltr'>quidem</span> <span class='ocrx_word' id='word_1_93' title='bbox 1470 1574 1690 1636; x_wconf 74' lang='lat' dir='ltr'>habeat</span> <span class='ocrx_word' id='word_1_94' title='bbox 1720 1583 2175 1636; x_wconf 74' lang='lat' dir='ltr'>sacramentum</span> <span class='ocrx_word' id='word_1_95' title='bbox 2206 1593 2501 1636; x_wconf 73' lang='lat' dir='ltr'>recusare.</span> <span class='ocrx_word' id='word_1_96' title='bbox 2535 1607 2623 1616; x_wconf 86' lang='lat'>—-</span> 
     </span>
     <span class='ocr_line' id='line_1_14' title="bbox 515 1671 2627 1757; baseline -0.002 -20"><span class='ocrx_word' id='word_1_97' title='bbox 515 1673 868 1738; x_wconf 89' lang='lat' dir='ltr'>Praeterea</span> <span class='ocrx_word' id='word_1_98' title='bbox 913 1673 1115 1746; x_wconf 86' lang='lat' dir='ltr'><strong>addit,</strong></span> <span class='ocrx_word' id='word_1_99' title='bbox 1163 1673 1349 1737; x_wconf 91' lang='lat' dir='ltr'>litem</span> <span class='ocrx_word' id='word_1_100' title='bbox 1389 1695 1467 1737; x_wconf 93' lang='lat' dir='ltr'>eo</span> <span class='ocrx_word' id='word_1_101' title='bbox 1512 1695 1643 1737; x_wconf 89' lang='lat' dir='ltr'>non</span> <span class='ocrx_word' id='word_1_102' title='bbox 1687 1673 2000 1757; x_wconf 87' lang='lat' dir='ltr'>suspendi</span> <span class='ocrx_word' id='word_1_103' title='bbox 2046 1694 2121 1736; x_wconf 91' lang='lat' dir='ltr'>ac</span> <span class='ocrx_word' id='word_1_104' title='bbox 2151 1673 2478 1737; x_wconf 87' lang='lat' dir='ltr'>sententia</span> <span class='ocrx_word' id='word_1_105' title='bbox 2510 1671 2627 1734; x_wconf 92' lang='lat' dir='ltr'>de-</span> 
     </span>
     <span class='ocr_line' id='line_1_15' title="bbox 517 1773 2625 1860; baseline -0 -22"><span class='ocrx_word' id='word_1_106' title='bbox 517 1775 764 1840; x_wconf 89' lang='lat' dir='ltr'>finitiva</span> <span class='ocrx_word' id='word_1_107' title='bbox 791 1776 1056 1860; x_wconf 87' lang='lat' dir='ltr'>prolata</span> <span class='ocrx_word' id='word_1_108' title='bbox 1092 1775 1172 1838; x_wconf 89' lang='lat' dir='ltr'>de</span> <span class='ocrx_word' id='word_1_109' title='bbox 1204 1777 1420 1839; x_wconf 86' lang='lat' dir='ltr'>causis</span> <span class='ocrx_word' id='word_1_110' title='bbox 1450 1798 1565 1840; x_wconf 91' lang='lat' dir='ltr'>cur</span> <span class='ocrx_word' id='word_1_111' title='bbox 1604 1775 1923 1840; x_wconf 90' lang='lat' dir='ltr'>recusarit</span> <span class='ocrx_word' id='word_1_112' title='bbox 1961 1776 2041 1840; x_wconf 87' lang='lat' dir='ltr'>ab</span> <span class='ocrx_word' id='word_1_113' title='bbox 2073 1774 2284 1838; x_wconf 80' lang='lat' dir='ltr'>iudice</span> <span class='ocrx_word' id='word_1_114' title='bbox 2316 1773 2399 1838; x_wconf 90' lang='lat' dir='ltr'>ad</span> <span class='ocrx_word' id='word_1_115' title='bbox 2430 1795 2625 1858; x_wconf 90' lang='lat' dir='ltr'>quem</span> 
     </span>
     <span class='ocr_line' id='line_1_16' title="bbox 519 1876 2629 1961; baseline 0 -23"><span class='ocrx_word' id='word_1_116' title='bbox 519 1878 606 1942; x_wconf 88' lang='lat' dir='ltr'>lis</span> <span class='ocrx_word' id='word_1_117' title='bbox 651 1887 1008 1961; x_wconf 87' lang='lat' dir='ltr'>provocata</span> <span class='ocrx_word' id='word_1_118' title='bbox 1066 1879 1155 1940; x_wconf 88' lang='lat' dir='ltr'>sit</span> <span class='ocrx_word' id='word_1_119' title='bbox 1219 1899 1360 1941; x_wconf 85' lang='lat' dir='ltr'>esse</span> <span class='ocrx_word' id='word_1_120' title='bbox 1422 1877 1933 1942; x_wconf 87' lang='lat' dir='ltr'>diiudicandum.</span> <span class='ocrx_word' id='word_1_121' title='bbox 2012 1876 2207 1940; x_wconf 87' lang='lat' dir='ltr'>Haec</span> <span class='ocrx_word' id='word_1_122' title='bbox 2255 1878 2629 1960; x_wconf 81' lang='lat' dir='ltr'>posteriora</span> 
     </span>
     <span class='ocr_line' id='line_1_17' title="bbox 520 1978 2631 2064; baseline -0.001 -21"><span class='ocrx_word' id='word_1_123' title='bbox 520 1982 706 2064; x_wconf 88' lang='lat' dir='ltr'>sequi</span> <span class='ocrx_word' id='word_1_124' title='bbox 750 1979 1013 2064; x_wconf 88' lang='lat' dir='ltr'>quidam</span> <span class='ocrx_word' id='word_1_125' title='bbox 1046 2000 1246 2063; x_wconf 89' lang='lat' dir='ltr'>quum</span> <span class='ocrx_word' id='word_1_126' title='bbox 1291 2001 1425 2045; x_wconf 87' lang='lat' dir='ltr'>non</span> <span class='ocrx_word' id='word_1_127' title='bbox 1458 1979 2064 2052; x_wconf 84' lang='lat' dir='ltr'>animadverterent,</span> <span class='ocrx_word' id='word_1_128' title='bbox 2096 1978 2239 2042; x_wconf 85' lang='lat' dir='ltr'>sola</span> <span class='ocrx_word' id='word_1_129' title='bbox 2276 1980 2403 2044; x_wconf 83' lang='lat' dir='ltr'>ista</span> <span class='ocrx_word' id='word_1_130' title='bbox 2430 1979 2631 2044; x_wconf 83' lang='lat' dir='ltr'>verba</span> 
     </span>
     <span class='ocr_line' id='line_1_18' title="bbox 521 2079 2626 2163; baseline 0 -21"><span class='ocrx_word' id='word_1_131' title='bbox 521 2081 944 2163; x_wconf 79' lang='lat' dir='ltr'>respicientes</span> <span class='ocrx_word' id='word_1_132' title='bbox 989 2089 1388 2162; x_wconf 81' lang='lat' dir='ltr'>putaverunt</span> <span class='ocrx_word' id='word_1_133' title='bbox 1434 2080 1512 2144; x_wconf 90' lang='lat' dir='ltr'>ab</span> <span class='ocrx_word' id='word_1_134' title='bbox 1559 2079 1927 2144; x_wconf 86' lang='lat' dir='ltr'>Iustiniano</span> <span class='ocrx_word' id='word_1_135' title='bbox 1986 2079 2053 2144; x_wconf 90' lang='lat' dir='ltr'>id</span> <span class='ocrx_word' id='word_1_136' title='bbox 2098 2090 2415 2145; x_wconf 86' lang='lat' dir='ltr'>statutum</span> <span class='ocrx_word' id='word_1_137' title='bbox 2460 2101 2626 2153; x_wconf 90' lang='lat' dir='ltr'>esse,</span> 
     </span>
     <span class='ocr_line' id='line_1_19' title="bbox 520 2180 2631 2261; baseline 0 -16"><span class='ocrx_word' id='word_1_138' title='bbox 520 2194 593 2245; x_wconf 90' lang='lat' dir='ltr'>ut</span> <span class='ocrx_word' id='word_1_139' title='bbox 635 2180 1086 2246; x_wconf 89' lang='lat' dir='ltr'>iusiurandum</span> <span class='ocrx_word' id='word_1_140' title='bbox 1149 2181 1442 2246; x_wconf 89' lang='lat' dir='ltr'>delatum</span> <span class='ocrx_word' id='word_1_141' title='bbox 1496 2183 1787 2247; x_wconf 86' lang='lat' dir='ltr'>recusari</span> <span class='ocrx_word' id='word_1_142' title='bbox 1831 2182 2077 2247; x_wconf 91' lang='lat' dir='ltr'>liceret.</span> <span class='ocrx_word' id='word_1_143' title='bbox 2167 2182 2383 2261; x_wconf 80' lang='lat' dir='ltr'>Quam</span> <span class='ocrx_word' id='word_1_144' title='bbox 2428 2184 2631 2245; x_wconf 90' lang='lat' dir='ltr'>inter-</span> 
     </span>
     <span class='ocr_line' id='line_1_20' title="bbox 518 2284 2629 2370; baseline 0 -24"><span class='ocrx_word' id='word_1_145' title='bbox 518 2285 975 2370; x_wconf 84' lang='lat' dir='ltr'>pretationem,</span> <span class='ocrx_word' id='word_1_146' title='bbox 1023 2303 1188 2369; x_wconf 87' lang='lat' dir='ltr'>quae</span> <span class='ocrx_word' id='word_1_147' title='bbox 1235 2305 1268 2346; x_wconf 92' lang='lat' dir='ltr'>e</span> <span class='ocrx_word' id='word_1_148' title='bbox 1315 2284 1460 2347; x_wconf 89' lang='lat' dir='ltr'>sola</span> <span class='ocrx_word' id='word_1_149' title='bbox 1502 2286 1968 2349; x_wconf 87' lang='lat' dir='ltr'>constitutione</span> <span class='ocrx_word' id='word_1_150' title='bbox 2014 2285 2279 2348; x_wconf 87' lang='lat' dir='ltr'>omnino</span> <span class='ocrx_word' id='word_1_151' title='bbox 2313 2285 2463 2348; x_wconf 87' lang='lat' dir='ltr'>elici</span> <span class='ocrx_word' id='word_1_152' title='bbox 2490 2305 2629 2348; x_wconf 88' lang='lat' dir='ltr'>non</span> 
     </span>
    </p>
   </div>
   <div class='ocr_carea' id='block_1_3' title="bbox 409 2385 2631 2473">
    <p class='ocr_par' dir='ltr' id='par_1_5' title="bbox 409 2385 2631 2473">
     <span class='ocr_line' id='line_1_21' title="bbox 409 2385 2631 2473; baseline 0 -23"><span class='ocrx_word' id='word_1_153' title='bbox 409 2430 416 2435; x_wconf 94' lang='lat'>-</span> <span class='ocrx_word' id='word_1_154' title='bbox 523 2396 771 2472; x_wconf 90' lang='lat' dir='ltr'>potest,</span> <span class='ocrx_word' id='word_1_155' title='bbox 829 2385 1007 2449; x_wconf 90' lang='lat' dir='ltr'>docti</span> <span class='ocrx_word' id='word_1_156' title='bbox 1054 2388 1175 2451; x_wconf 87' lang='lat' dir='ltr'>viri</span> <span class='ocrx_word' id='word_1_157' title='bbox 1231 2408 1306 2449; x_wconf 92' lang='lat' dir='ltr'>eo</span> <span class='ocrx_word' id='word_1_158' title='bbox 1353 2388 1629 2451; x_wconf 87' lang='lat' dir='ltr'>consilio</span> <span class='ocrx_word' id='word_1_159' title='bbox 1676 2388 2091 2461; x_wconf 85' lang='lat' dir='ltr'>affectarunt,</span> <span class='ocrx_word' id='word_1_160' title='bbox 2136 2398 2211 2451; x_wconf 88' lang='lat' dir='ltr'>ut</span> <span class='ocrx_word' id='word_1_161' title='bbox 2253 2388 2452 2473; x_wconf 85' lang='lat' dir='ltr'>capiti</span> <span class='ocrx_word' id='word_1_162' title='bbox 2508 2386 2631 2451; x_wconf 74' lang='lat' dir='ltr'>ult,</span> 
     </span>
    </p>
   </div>
   <div class='ocr_carea' id='block_1_4' title="bbox 523 2488 2643 3689">
    <p class='ocr_par' dir='ltr' id='par_1_6' title="bbox 523 2488 2643 3689">
     <span class='ocr_line' id='line_1_22' title="bbox 525 2488 2629 2572; baseline -0.001 -19"><span class='ocrx_word' id='word_1_163' title='bbox 525 2488 617 2553; x_wconf 90' lang='lat' dir='ltr'>X.</span> <span class='ocrx_word' id='word_1_164' title='bbox 666 2510 866 2572; x_wconf 90' lang='lat' dir='ltr'>supra</span> <span class='ocrx_word' id='word_1_165' title='bbox 909 2498 1413 2552; x_wconf 89' lang='lat' dir='ltr'>commemorato</span> <span class='ocrx_word' id='word_1_166' title='bbox 1447 2488 1940 2554; x_wconf 87' lang='lat' dir='ltr'>fundamentum</span> <span class='ocrx_word' id='word_1_167' title='bbox 1986 2500 2233 2553; x_wconf 91' lang='lat' dir='ltr'>certum</span> <span class='ocrx_word' id='word_1_168' title='bbox 2261 2488 2629 2561; x_wconf 84' lang='lat' dir='ltr'>redderent,</span> 
     </span>
     <span class='ocr_line' id='line_1_23' title="bbox 534 2590 2633 2677; baseline -0.001 -23"><span class='ocrx_word' id='word_1_169' title='bbox 534 2592 777 2676; x_wconf 91' lang='lat' dir='ltr'>quippe</span> <span class='ocrx_word' id='word_1_170' title='bbox 840 2590 1252 2655; x_wconf 86' lang='lat' dir='ltr'>vehementer</span> <span class='ocrx_word' id='word_1_171' title='bbox 1319 2590 1445 2652; x_wconf 91' lang='lat' dir='ltr'>hoc</span> <span class='ocrx_word' id='word_1_172' title='bbox 1508 2592 1739 2676; x_wconf 86' lang='lat' dir='ltr'>egenti.</span> <span class='ocrx_word' id='word_1_173' title='bbox 1855 2590 1960 2653; x_wconf 88' lang='lat' dir='ltr'>Ea</span> <span class='ocrx_word' id='word_1_174' title='bbox 2020 2592 2271 2657; x_wconf 90' lang='lat' dir='ltr'>ratione</span> <span class='ocrx_word' id='word_1_175' title='bbox 2333 2590 2633 2677; x_wconf 90' lang='lat' dir='ltr'>perducti</span> 
     </span>
     <span class='ocr_line' id='line_1_24' title="bbox 524 2688 2632 2776; baseline 0 -22"><span class='ocrx_word' id='word_1_176' title='bbox 524 2693 640 2754; x_wconf 88' lang='lat' dir='ltr'>alii</span> <span class='ocrx_word' id='word_1_177' title='bbox 700 2694 744 2755; x_wconf 92' lang='lat' dir='ltr'>l.</span> <span class='ocrx_word' id='word_1_178' title='bbox 798 2698 876 2754; x_wconf 86' lang='lat'>12</span> <span class='ocrx_word' id='word_1_179' title='bbox 921 2688 998 2753; x_wconf 86' lang='lat' dir='ltr'>C.</span> <span class='ocrx_word' id='word_1_180' title='bbox 1057 2692 1213 2754; x_wconf 88' lang='lat' dir='ltr'>iuris</span> <span class='ocrx_word' id='word_1_181' title='bbox 1262 2692 1648 2756; x_wconf 88' lang='lat' dir='ltr'>emendandi</span> <span class='ocrx_word' id='word_1_182' title='bbox 1705 2715 1899 2757; x_wconf 87' lang='lat' dir='ltr'>causa</span> <span class='ocrx_word' id='word_1_183' title='bbox 1954 2694 2441 2776; x_wconf 82' lang='lat' dir='ltr'>pronuntiatam</span> <span class='ocrx_word' id='word_1_184' title='bbox 2489 2714 2632 2757; x_wconf 91' lang='lat' dir='ltr'>esse</span> 
     </span>
     <span class='ocr_line' id='line_1_25' title="bbox 523 2792 2635 2880; baseline 0.001 -25"><span class='ocrx_word' id='word_1_185' title='bbox 523 2792 860 2880; x_wconf 87' lang='lat' dir='ltr'>putabant,</span> <span class='ocrx_word' id='word_1_186' title='bbox 909 2794 1202 2876; x_wconf 85' lang='lat' dir='ltr'>quamvis</span> <span class='ocrx_word' id='word_1_187' title='bbox 1250 2793 1455 2877; x_wconf 86' lang='lat' dir='ltr'>ipsius</span> <span class='ocrx_word' id='word_1_188' title='bbox 1502 2795 1671 2879; x_wconf 85' lang='lat' dir='ltr'>legis</span> <span class='ocrx_word' id='word_1_189' title='bbox 1717 2796 1933 2860; x_wconf 85' lang='lat' dir='ltr'>verbis</span> <span class='ocrx_word' id='word_1_190' title='bbox 1976 2794 2275 2871; x_wconf 85' lang='lat' dir='ltr'>refutati3</span> <span class='ocrx_word' id='word_1_191' title='bbox 2324 2794 2438 2857; x_wconf 87' lang='lat' dir='ltr'>alii</span> <span class='ocrx_word' id='word_1_192' title='bbox 2485 2815 2635 2857; x_wconf 87' lang='lat' dir='ltr'>cen-</span> 
     </span>
     <span class='ocr_line' id='line_1_26' title="bbox 523 2894 2634 2980; baseline -0 -21"><span class='ocrx_word' id='word_1_193' title='bbox 523 2896 758 2959; x_wconf 87' lang='lat' dir='ltr'>sebant</span> <span class='ocrx_word' id='word_1_194' title='bbox 797 2896 840 2957; x_wconf 90' lang='lat' dir='ltr'>l.</span> <span class='ocrx_word' id='word_1_195' title='bbox 880 2900 958 2959; x_wconf 90' lang='grc'>12</span> <span class='ocrx_word' id='word_1_196' title='bbox 987 2894 1309 2957; x_wconf 90' lang='lat' dir='ltr'>rationem</span> <span class='ocrx_word' id='word_1_197' title='bbox 1355 2896 1687 2959; x_wconf 91' lang='lat' dir='ltr'>continere</span> <span class='ocrx_word' id='word_1_198' title='bbox 1728 2896 2001 2959; x_wconf 86' lang='lat' dir='ltr'>istarum</span> <span class='ocrx_word' id='word_1_199' title='bbox 2034 2918 2398 2969; x_wconf 87' lang='lat' dir='ltr'>causarum,</span> <span class='ocrx_word' id='word_1_200' title='bbox 2445 2917 2634 2980; x_wconf 89' lang='lat' dir='ltr'>quae,</span> 
     </span>
     <span class='ocr_line' id='line_1_27' title="bbox 527 2995 2636 3083; baseline 0 -23"><span class='ocrx_word' id='word_1_201' title='bbox 527 2997 783 3060; x_wconf 91' lang='lat' dir='ltr'>scilicet</span> <span class='ocrx_word' id='word_1_202' title='bbox 824 3005 1084 3079; x_wconf 90' lang='lat' dir='ltr'>praeter</span> <span class='ocrx_word' id='word_1_203' title='bbox 1136 2995 1332 3061; x_wconf 91' lang='lat' dir='ltr'>edicti</span> <span class='ocrx_word' id='word_1_204' title='bbox 1375 3008 1831 3083; x_wconf 87' lang='lat' dir='ltr'>praeceptum,</span> <span class='ocrx_word' id='word_1_205' title='bbox 1894 2998 2024 3061; x_wconf 88' lang='lat' dir='ltr'>iam</span> <span class='ocrx_word' id='word_1_206' title='bbox 2080 2996 2326 3063; x_wconf 91' lang='lat' dir='ltr'>dudum</span> <span class='ocrx_word' id='word_1_207' title='bbox 2383 2998 2452 3059; x_wconf 91' lang='lat' dir='ltr'>in</span> <span class='ocrx_word' id='word_1_208' title='bbox 2510 3019 2636 3061; x_wconf 87' lang='lat' dir='ltr'>usu</span> 
     </span>
     <span class='ocr_line' id='line_1_28' title="bbox 527 3097 2635 3185; baseline 0.001 -25"><span class='ocrx_word' id='word_1_209' title='bbox 527 3098 842 3177; x_wconf 87' lang='lat' dir='ltr'>fuissent,</span> <span class='ocrx_word' id='word_1_210' title='bbox 889 3097 1056 3161; x_wconf 89' lang='lat' dir='ltr'>hanc</span> <span class='ocrx_word' id='word_1_211' title='bbox 1101 3109 1317 3162; x_wconf 87' lang='lat' dir='ltr'>tamen</span> <span class='ocrx_word' id='word_1_212' title='bbox 1375 3102 1696 3162; x_wconf 89' lang='lat' dir='ltr'>rationem</span> <span class='ocrx_word' id='word_1_213' title='bbox 1742 3101 1954 3185; x_wconf 89' lang='lat' dir='ltr'>capite</span> <span class='ocrx_word' id='word_1_214' title='bbox 1997 3100 2233 3164; x_wconf 90' lang='lat' dir='ltr'>ultimo</span> <span class='ocrx_word' id='word_1_215' title='bbox 2279 3098 2371 3164; x_wconf 91' lang='lat' dir='ltr'>X.</span> <span class='ocrx_word' id='word_1_216' title='bbox 2416 3110 2635 3163; x_wconf 89' lang='lat' dir='ltr'>muta-</span> 
     </span>
     <span class='ocr_line' id='line_1_29' title="bbox 526 3198 2637 3282; baseline 0.002 -22"><span class='ocrx_word' id='word_1_217' title='bbox 526 3209 660 3261; x_wconf 90' lang='lat' dir='ltr'>tam</span> <span class='ocrx_word' id='word_1_218' title='bbox 717 3220 924 3282; x_wconf 88' lang='lat' dir='ltr'>eoque</span> <span class='ocrx_word' id='word_1_219' title='bbox 980 3200 1405 3261; x_wconf 88' lang='lat' dir='ltr'>constitutum</span> <span class='ocrx_word' id='word_1_220' title='bbox 1467 3220 1637 3277; x_wconf 87' lang='lat' dir='ltr'>esse,</span> <span class='ocrx_word' id='word_1_221' title='bbox 1698 3210 1772 3262; x_wconf 91' lang='lat' dir='ltr'>ut</span> <span class='ocrx_word' id='word_1_222' title='bbox 1846 3198 2300 3265; x_wconf 89' lang='lat' dir='ltr'>iusiurandum</span> <span class='ocrx_word' id='word_1_223' title='bbox 2350 3202 2637 3266; x_wconf 89' lang='lat' dir='ltr'>recusari</span> 
     </span>
     <span class='ocr_line' id='line_1_30' title="bbox 525 3299 2635 3388; baseline 0.002 -26"><span class='ocrx_word' id='word_1_224' title='bbox 525 3300 771 3363; x_wconf 80' lang='lat' dir='ltr'>liceret.</span> <span class='ocrx_word' id='word_1_225' title='bbox 860 3299 962 3363; x_wconf 90' lang='lat' dir='ltr'>Ac</span> <span class='ocrx_word' id='word_1_226' title='bbox 1021 3301 1293 3383; x_wconf 89' lang='lat' dir='ltr'>plurimi</span> <span class='ocrx_word' id='word_1_227' title='bbox 1369 3301 1632 3386; x_wconf 90' lang='lat' dir='ltr'>quidem</span> <span class='ocrx_word' id='word_1_228' title='bbox 1711 3311 1958 3366; x_wconf 90' lang='lat' dir='ltr'>rectam</span> <span class='ocrx_word' id='word_1_229' title='bbox 2032 3304 2635 3388; x_wconf 84' lang='lat' dir='ltr'>interpretationem</span> 
     </span>
     <span class='ocr_line' id='line_1_31' title="bbox 529 3400 2636 3490; baseline 0.001 -26"><span class='ocrx_word' id='word_1_230' title='bbox 529 3400 1001 3485; x_wconf 87' lang='lat' dir='ltr'>sequebantur,</span> <span class='ocrx_word' id='word_1_231' title='bbox 1074 3412 1358 3466; x_wconf 88' lang='lat' dir='ltr'>attamen</span> <span class='ocrx_word' id='word_1_232' title='bbox 1421 3405 1544 3467; x_wconf 89' lang='lat' dir='ltr'>iste</span> <span class='ocrx_word' id='word_1_233' title='bbox 1603 3426 1785 3469; x_wconf 88' lang='lat' dir='ltr'>error</span> <span class='ocrx_word' id='word_1_234' title='bbox 1855 3426 1990 3469; x_wconf 90' lang='lat' dir='ltr'>non</span> <span class='ocrx_word' id='word_1_235' title='bbox 2047 3406 2211 3471; x_wconf 81' lang='lat' dir='ltr'>levis</span> <span class='ocrx_word' id='word_1_236' title='bbox 2287 3415 2385 3479; x_wconf 90' lang='lat' dir='ltr'>et,</span> <span class='ocrx_word' id='word_1_237' title='bbox 2461 3404 2636 3490; x_wconf 90' lang='lat' dir='ltr'>quod</span> 
     </span>
     <span class='ocr_line' id='line_1_32' title="bbox 530 3501 2634 3593; baseline 0.002 -28"><span class='ocrx_word' id='word_1_238' title='bbox 530 3504 642 3587; x_wconf 89' lang='lat' dir='ltr'>qui</span> <span class='ocrx_word' id='word_1_239' title='bbox 687 3501 1082 3565; x_wconf 87' lang='lat' dir='ltr'>dissentiunt</span> <span class='ocrx_word' id='word_1_240' title='bbox 1125 3513 1425 3567; x_wconf 82' lang='lat' dir='ltr'>auctores</span> <span class='ocrx_word' id='word_1_241' title='bbox 1474 3506 1863 3569; x_wconf 90' lang='lat' dir='ltr'>nominatim</span> <span class='ocrx_word' id='word_1_242' title='bbox 1910 3528 2043 3570; x_wconf 91' lang='lat' dir='ltr'>non</span> <span class='ocrx_word' id='word_1_243' title='bbox 2101 3507 2523 3593; x_wconf 79' lang='lat' dir='ltr'>appellantur</span> <span class='ocrx_word' id='word_1_244' title='bbox 2545 3507 2634 3589; x_wconf 85' lang='lat'>¹),</span> 
     </span>
     <span class='ocr_line' id='line_1_33' title="bbox 528 3603 2643 3689; baseline 0.002 -24"><span class='ocrx_word' id='word_1_245' title='bbox 528 3603 878 3688; x_wconf 87' lang='lat' dir='ltr'>praecipue</span> <span class='ocrx_word' id='word_1_246' title='bbox 937 3625 1061 3669; x_wconf 91' lang='lat' dir='ltr'>usu</span> <span class='ocrx_word' id='word_1_247' title='bbox 1132 3604 1417 3689; x_wconf 88' lang='lat' dir='ltr'>quodam</span> <span class='ocrx_word' id='word_1_248' title='bbox 1477 3606 1726 3671; x_wconf 86' lang='lat' dir='ltr'>forensi</span> <span class='ocrx_word' id='word_1_249' title='bbox 1800 3609 1982 3672; x_wconf 86' lang='lat' dir='ltr'>nisus</span> <span class='ocrx_word' id='word_1_250' title='bbox 2061 3608 2267 3673; x_wconf 83' lang='lat' dir='ltr'>fuisse</span> <span class='ocrx_word' id='word_1_251' title='bbox 2325 3608 2487 3671; x_wconf 91' lang='lat' dir='ltr'>mihi</span> <span class='ocrx_word' id='word_1_252' title='bbox 2545 3609 2643 3673; x_wconf 85' lang='lat' dir='ltr'>vi-</span> 
     </span>
    </p>
   </div>
   <div class='ocr_carea' id='block_1_5' title="bbox 545 3728 959 3738">
    <p class='ocr_par' dir='ltr' id='par_1_7' title="bbox 545 3728 959 3738">
     <span class='ocr_line' id='line_1_34' title="bbox 545 3728 959 3738; baseline 0 966"><span class='ocrx_word' id='word_1_253' title='bbox 545 3728 959 3738; x_wconf 95' lang='lat' dir='ltr'> </span> 
     </span>
    </p>
   </div>
   <div class='ocr_carea' id='block_1_6' title="bbox 530 3774 2645 3931">
    <p class='ocr_par' dir='ltr' id='par_1_8' title="bbox 530 3774 2645 3931">
     <span class='ocr_line' id='line_1_35' title="bbox 667 3774 2643 3847; baseline 0.001 -18"><span class='ocrx_word' id='word_1_254' title='bbox 667 3775 728 3844; x_wconf 90' lang='lat'>1)</span> <span class='ocrx_word' id='word_1_255' title='bbox 762 3776 831 3829; x_wconf 81' lang='lat' dir='ltr'>cs.</span> <span class='ocrx_word' id='word_1_256' title='bbox 877 3774 1268 3830; x_wconf 83' lang='lat' dir='ltr'>Sichardus</span> <span class='ocrx_word' id='word_1_257' title='bbox 1305 3776 1677 3830; x_wconf 81' lang='lat' dir='ltr'>redivivus</span> <span class='ocrx_word' id='word_1_258' title='bbox 1712 3776 1852 3831; x_wconf 77' lang='lat' dir='ltr'>Frst.</span> <span class='ocrx_word' id='word_1_259' title='bbox 1880 3777 2015 3831; x_wconf 88' lang='lat'>1613</span> <span class='ocrx_word' id='word_1_260' title='bbox 2052 3795 2106 3847; x_wconf 89' lang='lat' dir='ltr'>p.</span> <span class='ocrx_word' id='word_1_261' title='bbox 2130 3776 2247 3833; x_wconf 80' lang='lat'>279.</span> <span class='ocrx_word' id='word_1_262' title='bbox 2277 3776 2643 3831; x_wconf 87' lang='lat' dir='ltr'>-Donel-</span> 
     </span>
     <span class='ocr_line' id='line_1_36' title="bbox 530 3859 2645 3931; baseline 0.001 -18"><span class='ocrx_word' id='word_1_263' title='bbox 530 3861 638 3913; x_wconf 82' lang='lat' dir='ltr'>lus</span> <span class='ocrx_word' id='word_1_264' title='bbox 675 3862 745 3914; x_wconf 84' lang='lat' dir='ltr'>ad</span> <span class='ocrx_word' id='word_1_265' title='bbox 779 3861 817 3914; x_wconf 90' lang='lat' dir='ltr'>l.</span> <span class='ocrx_word' id='word_1_266' title='bbox 853 3861 886 3913; x_wconf 89' lang='grc'><strong>9</strong></span> <span class='ocrx_word' id='word_1_267' title='bbox 923 3859 984 3916; x_wconf 85' lang='lat' dir='ltr'>O.</span> <span class='ocrx_word' id='word_1_268' title='bbox 1020 3861 1062 3913; x_wconf 89' lang='lat'>1.</span> <span class='ocrx_word' id='word_1_269' title='bbox 1087 3878 1134 3913; x_wconf 91' lang='lat' dir='ltr'>c.</span> <span class='ocrx_word' id='word_1_270' title='bbox 1153 3878 1208 3931; x_wconf 89' lang='lat' dir='ltr'>p.</span> <span class='ocrx_word' id='word_1_271' title='bbox 1244 3860 1348 3913; x_wconf 81' lang='lat'>530</span> <span class='ocrx_word' id='word_1_272' title='bbox 1383 3876 1550 3929; x_wconf 89' lang='lat' dir='ltr'>sq.—</span> <span class='ocrx_word' id='word_1_273' title='bbox 1575 3861 1900 3915; x_wconf 84' lang='lat' dir='ltr'>Bartolus</span> <span class='ocrx_word' id='word_1_274' title='bbox 1939 3879 2077 3915; x_wconf 89' lang='lat' dir='ltr'>com.</span> <span class='ocrx_word' id='word_1_275' title='bbox 2112 3863 2203 3915; x_wconf 89' lang='lat' dir='ltr'>cit.</span> <span class='ocrx_word' id='word_1_276' title='bbox 2242 3879 2300 3931; x_wconf 89' lang='lat' dir='ltr'>p.</span> <span class='ocrx_word' id='word_1_277' title='bbox 2337 3862 2441 3915; x_wconf 85' lang='lat'>339</span> <span class='ocrx_word' id='word_1_278' title='bbox 2471 3878 2645 3931; x_wconf 86' lang='lat' dir='ltr'>sq.—</span> 
     </span>
    </p>
   </div>
   <div class='ocr_carea' id='block_1_7' title="bbox 534 3945 2646 4101">
    <p class='ocr_par' dir='ltr' id='par_1_9' title="bbox 534 3945 2646 4101">
     <span class='ocr_line' id='line_1_37' title="bbox 534 3945 2646 4016; baseline 0.003 -21"><span class='ocrx_word' id='word_1_279' title='bbox 534 3945 863 4001; x_wconf 84' lang='lat' dir='ltr'>Alberici</span> <span class='ocrx_word' id='word_1_280' title='bbox 924 3946 1002 3999; x_wconf 87' lang='lat' dir='ltr'>de</span> <span class='ocrx_word' id='word_1_281' title='bbox 1059 3945 1321 4001; x_wconf 81' lang='lat' dir='ltr'>Rosate</span> <span class='ocrx_word' id='word_1_282' title='bbox 1386 3945 1704 4016; x_wconf 70' lang='lat' dir='ltr'>Ber-gam.</span> <span class='ocrx_word' id='word_1_283' title='bbox 1761 3963 1959 4001; x_wconf 88' lang='lat' dir='ltr'>comm.</span> <span class='ocrx_word' id='word_1_284' title='bbox 2011 3948 2046 4000; x_wconf 89' lang='lat' dir='ltr'>i.</span> <span class='ocrx_word' id='word_1_285' title='bbox 2096 3947 2215 4001; x_wconf 88' lang='lat' dir='ltr'>cod.</span> <span class='ocrx_word' id='word_1_286' title='bbox 2262 3947 2460 4002; x_wconf 85' lang='lat' dir='ltr'>Venet.</span> <span class='ocrx_word' id='word_1_287' title='bbox 2509 3947 2646 4001; x_wconf 81' lang='lat'>1586</span> 
     </span>
     <span class='ocr_line' id='line_1_38' title="bbox 534 4032 958 4101; baseline 0.002 -18"><span class='ocrx_word' id='word_1_288' title='bbox 534 4033 604 4084; x_wconf 89' lang='lat' dir='ltr'>ad</span> <span class='ocrx_word' id='word_1_289' title='bbox 639 4032 694 4083; x_wconf 86' lang='lat' dir='ltr'>h.</span> <span class='ocrx_word' id='word_1_290' title='bbox 730 4032 838 4101; x_wconf 87' lang='lat' dir='ltr'>leg.</span> <span class='ocrx_word' id='word_1_291' title='bbox 876 4032 958 4084; x_wconf 82' lang='lat'>12.</span> 
     </span>
    </p>
   </div>
   <div class='ocr_carea' id='block_1_8' title="bbox 2798 1110 2810 2204">
    <p class='ocr_par' dir='ltr' id='par_1_10' title="bbox 2798 1110 2810 2204">
     <span class='ocr_line' id='line_1_39' title="bbox 2798 1110 2810 2204; baseline 0 0"><span class='ocrx_word' id='word_1_292' title='bbox 2798 1110 2810 2204; x_wconf 95' lang='lat' dir='ltr'> </span> 
     </span>
    </p>
   </div>
   <div class='ocr_carea' id='block_1_9' title="bbox 2798 1110 2811 2491">
    <p class='ocr_par' dir='ltr' id='par_1_11' title="bbox 2798 1110 2811 2491">
     <span class='ocr_line' id='line_1_40' title="bbox 2798 1110 2811 2491; baseline 0 0"><span class='ocrx_word' id='word_1_293' title='bbox 2798 1110 2811 2491; x_wconf 95' lang='lat' dir='ltr'> </span> 
     </span>
    </p>
   </div>
  </div>
 </body>
</html>
