2816 4704
1237 287 1322 344 2⁷

224 451 710 537 prohibendum
755 471 900 515 esse
945 460 1314 524 censerent,
1359 450 1613 516 scilicet
1652 451 1811 536 quia
1868 436 2141 518 infamia
2184 475 2333 538 per-

224 555 392 617 iurio
438 553 795 640 irroganda
835 576 970 618 non
1033 554 1316 638 amplius
1375 552 1913 640 indignabundus
1972 556 2331 639 periurium

223 677 360 720 non
407 669 580 722 esset
621 655 1106 742 repudiaturuS,
1139 656 1471 741 simulque
1500 656 1583 728 is,
1629 656 1736 718 cui
1765 656 2217 720 iusiurandum
2250 657 2333 721 ab

225 757 468 823 infami
525 757 820 821 delatum
883 768 1056 822 esset
1074 805 1094 832 ,
1169 758 1483 822 facultate
1547 758 1917 842 privaretur
1982 758 2334 834 referendi,

225 884 428 947 quum
472 861 601 924 nisi
645 859 996 924 manifesto
1041 861 1314 945 periurii
1359 860 1651 944 periculo
1710 860 1939 924 referri
2000 883 2131 926 non
2176 883 2333 947 pos-

223 973 328 1028 set
352 969 432 1045 ¹).
520 962 824 1043 Quorum
866 972 1080 1027 tamen
1129 973 1661 1048 argumentorum
1706 963 1885 1047 prius
1920 963 2185 1046 quidem
2232 963 2334 1028 fa-

223 1066 471 1130 cillime
499 1065 918 1151 profligatur:
975 1066 1214 1129 etenim
1247 1066 1563 1148 quamvis,
1594 1063 1665 1127 id
1694 1063 1871 1149 quod
1900 1087 2037 1129 non
2064 1067 2337 1150 poteris,

224 1169 566 1255 periurum
609 1169 741 1233 nisi
785 1167 1062 1232 infamia
1104 1189 1238 1230 non
1280 1169 1499 1253 puniri
1546 1166 2123 1241 demonstraveris,
2163 1189 2333 1232 non·

228 1271 382 1336 dum
430 1281 648 1336 tamen
689 1271 842 1334 inde
875 1272 1194 1356 sequitur,
1241 1280 1314 1333 ut
1357 1269 1645 1344 infamis,
1694 1271 1847 1355 quia
1892 1271 2133 1335 sentire
2171 1293 2335 1356 poe·—

227 1397 378 1440 nam
443 1383 759 1460 nequeat,
827 1373 1066 1437 idcireo
1125 1373 1206 1438 ab
1267 1373 1687 1437 iureiurando
1738 1373 2161 1460 repellendus
2224 1375 2330 1439 sit.

225 1477 408 1559 Quid
453 1479 625 1542 enim
671 1478 740 1540 in
786 1477 1045 1542 iudiciis
1095 1476 1378 1562 publicis
1412 1475 1808 1551 faciendum,
1854 1500 2057 1562 quum
2089 1478 2333 1544 delicta

225 1605 416 1648 nemo
459 1584 864 1648 committere
908 1580 1160 1667 possit,
1221 1603 1499 1667 quorum
1554 1602 1803 1665 poenas
1850 1606 1985 1647 non
2046 1584 2331 1648 sentiat?

230 1683 432 1766 Quod
477 1696 696 1750 autem
739 1697 1080 1774 praeterea
1125 1686 1210 1751 ad
1271 1685 1675 1751 fulciendam
1720 1687 1913 1751 istam
1972 1681 2335 1751 doctrinam

227 1790 540 1854 afferunt:
599 1790 914 1855 infamem
967 1800 1102 1854 tam
1163 1799 1541 1873 corruptum
1602 1811 1783 1862 esse,
1854 1799 1929 1852 ut
1981 1789 2152 1854 nihil
2206 1789 2337 1854 nisi

228 1893 424 1961 dolus
472 1894 632 1968 eius,
682 1892 1114 1966 mendacium,
1161 1893 1359 1956 immo
1404 1892 1765 1978 periurium
1810 1893 2139 1978 expectari
2181 1913 2339 1978 pos-

227 1996 415 2077 sit2),
449 1997 514 2060 id
547 2018 682 2060 non
714 1993 1034 2060 eiusmodi
1065 2015 1208 2058 esse
1239 2002 1533 2078 apparet,
1566 1992 1745 2078 quod
1775 1994 2051 2059 refutari
2076 1994 2331 2060 debeat.

400 2098 570 2162 Inde
617 2097 922 2172 efficitur,
969 2119 1182 2182 neque
1225 2095 1386 2162 facti
1430 2115 1641 2181 neque
1672 2097 1833 2160 iuris
1866 2098 2205 2162 infamiam
2236 2107 2337 2162 ta-

230 2203 366 2266 lem
399 2223 562 2274 esse,
597 2223 727 2285 qua
757 2200 1104 2284 quisquam
1144 2200 1226 2265 ab
1260 2198 1677 2262 iureiurando
1712 2185 2067 2262 deferendo
2102 2201 2335 2264 merito

229 2303 738 2380 intercludatur;
795 2303 1130 2388 quaeritur
1170 2303 1323 2376 iam,
1370 2300 1531 2387 quid
1586 2298 1669 2365 de
1722 2301 1989 2386 periuro
2048 2311 2337 2367 statuen-

230 2407 388 2471 dum
438 2404 751 2471 videatur.
841 2403 952 2469 Ad
995 2404 1449 2469 iusiurandum
1493 2403 1960 2488 praestandum
2007 2426 2151 2468 eum
2200 2426 2335 2468 am-

225 2510 406 2595 plius
453 2530 586 2571 non
633 2528 828 2593 posse
861 2506 1120 2571 admitti
1151 2515 1216 2570 et
1247 2530 1325 2570 ex
1355 2508 1501 2591 ipsa
1530 2508 1627 2570 rei
1654 2515 1889 2569 natura
1918 2507 2339 2591 consequitur

230 2622 295 2676 et
340 2611 606 2697 legibus
652 2616 916 2673 cautum
965 2618 1095 2684 est3
1139 2607 1311 2671 illud
1352 2622 1572 2672 tamen
1605 2609 1975 2671 etiamnunc
2016 2617 2223 2673 restat
2264 2616 2339 2671 ut

227 2713 672 2797 exploremus,
719 2732 1038 2795 quaenam
1082 2711 1328 2795 periuri
1374 2712 1444 2774 in
1500 2708 1859 2774 deferendo
1916 2704 2335 2774 iureiufando

229 2813 519 2877 conditio
569 2814 826 2877 existat.
870 2850 954 2859 -—-

401 2912 574 2979 Sunt
639 2916 753 2998 qui
825 2915 1094 2999 periuro
1163 2914 1500 2979 deferendi
1576 2913 1958 2979 facultatem
2022 2912 2335 2985 adimant,

228 3018 542 3101 quoniam
603 3018 660 3081 is
735 3017 842 3081 cui
923 3016 1254 3090 defertur,
1309 3018 1693 3100 priusquam
1750 3014 1833 3077 ad
1887 3012 2339 3079 iusiurandum

229 3118 698 3205 praestandum
751 3130 1047 3208 cogatur,
1097 3118 1464 3182 calumniae
1507 3120 1940 3182 iura-mentum
1987 3116 2068 3179 ab
2116 3116 2341 3183 adver-

233 3222 408 3287 sario
455 3223 596 3285 iure
642 3232 944 3307 expetere
987 3222 1238 3308 possit3
1286 3243 1415 3305 quo
1473 3222 1611 3284 iure
1657 3227 1931 3305 propter
1988 3217 2343 3285 adversarii
2422 3266 2431 3271 -

233 3324 432 3388 fidem
478 3324 769 3407 privetur
819 3332 1012 3407 atque
1061 3324 1144 3387 ob
1191 3322 1262 3386 id
1307 3324 1523 3408 ipsum
1570 3322 1747 3408 quod
1778 3344 1817 3385 a
1848 3321 2177 3385 calumnia
2207 3340 2383 3385 non·

232 3435 412 3491 tutus
461 3426 550 3489 sit
595 3424 906 3489 damnum
953 3426 1210 3489 sentiat.
1297 3422 1503 3509 Atqui
1533 3424 1919 3511 diligentius
1964 3411 2146 3487 iuva't
2185 3424 2343 3487 illo-

232 3552 380 3593 rum
425 3527 626 3593 verba
669 3528 815 3611 ipsa
859 3530 1299 3591 examinasse:
1347 3528 1476 3589 iam
1525 3526 1815 3590 omnium
1846 3524 2142 3589 videmus
2173 3526 2341 3591 hanc

231 3650 376 3695 esse
423 3632 841 3695 sententiam:
915 3630 1180 3693 licere
1241 3626 1507 3712 quidem
1568 3628 1658 3703 ei,
1720 3626 1825 3690 cui
1890 3625 2338 3692 iusiurandum

368 3800 424 3866 1)
468 3801 536 3853 cs.
579 3798 1022 3853 Pufendorff
1057 3798 1332 3851 observat.
1369 3794 1456 3848 92.

364 3883 420 3955 2)
456 3883 550 3937 Sic
586 3883 857 3952 Berger
891 3881 930 3934 1.
957 3899 1004 3935 e.
1039 3898 1094 3951 p.
1131 3880 1258 3935 523:
1305 3896 1471 3949 neque
1510 3880 1679 3947 enim,
1731 3880 1944 3950 inquit,
1980 3882 2030 3934 is
2066 3882 2157 3949 qui
2191 3882 2340 3953 insa·
2406 3928 2413 3930 ,

228 3972 392 4024 mium
433 3969 660 4022 incurrit
699 3970 884 4023 statim
931 3976 1010 4022 est
1046 3973 1335 4021 contemtor
1377 3965 1607 4020 nominis
1658 3967 1830 4020 divini
1867 3960 2191 4037 'praesertim
2226 3985 2341 4023 cum

220 4054 608 4127 poenitentiam
645 4056 825 4125 eyerit.
