2816 4704
1474 259 1559 318 22

465 423 574 487 vel
617 421 856 486 falsam
903 442 1045 486 esse
1091 443 1229 484 eam
1277 418 1767 486 declaraverunt
1807 419 1913 483 vel
1954 419 2216 484 omnino
2263 417 2584 504 neglexe-

465 532 636 588 runt.
695 521 1057 610 Fingamus
1091 526 1294 611 igitur
1325 547 1587 588 causam
1620 521 2108 586 diiudicandam
2137 522 2343 586 fuisse
2374 523 2546 586 hano
2564 552 2581 586 ε

639 625 850 692 Actor
878 626 1164 712 quidam,
1187 628 1299 712 qui
1325 625 1620 690 nondum
1654 625 1975 710 probavit,
2020 625 2581 710 praesumtionem

462 749 622 812 prae
667 751 736 792 se
779 729 971 802 tulit,
1033 752 1162 814 qua
1219 728 1522 792 inductus
1581 728 1777 793 iudex
1835 727 2288 794 iusiurandum
2330 749 2584 812 purga-

465 831 706 894 torium
751 854 866 895 reo
911 833 1244 916 imposuit.
1334 831 1402 894 Is
1458 840 1677 894 tamen
1720 841 2055 916 praestare
2118 831 2367 902 noluit,
2414 849 2585 913 quo-

465 933 642 996 niam
717 941 936 996 actore
1008 954 1142 996 non
1213 933 1534 1017 probante
1609 954 1795 996 reum
1858 934 2153 998 obtinere
2228 935 2351 998 etsi
2405 933 2583 997 nihil

466 1034 608 1118 ipse
679 1035 1113 1119 praestitisset
1185 1036 1287 1098 ius
1365 1035 1597 1118 fasque
1669 1056 1811 1099 esse
1888 1035 2065 1121 apud
2123 1057 2347 1100 omnes
2420 1058 2583 1100 con-

369 1165 372 1174 ·
465 1145 682 1200 staret.
773 1137 1008 1221 Itaque
1074 1135 1270 1200 iudex
1337 1159 1577 1221 papam
1642 1137 2046 1224 interrogat',
2112 1139 2226 1223 qui
2269 1139 2337 1200 in
2399 1138 2581 1202 hunc

465 1237 732 1302 modum
778 1238 1106 1304 decernit:
1165 1239 1367 1318 Quod
1412 1241 1845 1304 iuramentum
1894 1241 1974 1304 ab
2023 1241 2230 1304 altera
2271 1249 2461 1324 parte
2503 1248 2584 1304 tu

463 1341 746 1426 petiisti,
803 1343 943 1406 sine
1001 1343 1172 1406 iusta
1215 1363 1412 1406 causa
1461 1363 1597 1405 non
1640 1351 1860 1426 potest
1882 1347 1937 1422 ι)
1982 1344 2285 1406 recusari.
2372 1341 2580 1406 Prae—
2630 1359 2645 1374 ·

464 1455 642 1510 terea
687 1443 872 1510 addit
915 1468 1122 1531 papa,
1165 1441 1615 1508 iusiurandum
1663 1444 1743 1508 ab
1792 1445 2109 1508 alterutra
2152 1455 2341 1532 parte
2385 1445 2573 1509 dela·-

464 1560 606 1615 tum
652 1550 734 1614 ab
781 1550 988 1613 altera
1031 1549 1318 1611 recusari
1363 1557 1428 1612 et
1470 1547 1700 1612 referri
1732 1569 1949 1632 posse,
1988 1549 2119 1612 nisi
2148 1547 2321 1612 forte
2352 1547 2577 1630 aliqua

467 1652 547 1717 de
593 1674 790 1716 causa
832 1652 957 1715 hoc
1000 1652 1102 1715 ius
1150 1651 1209 1714 ei
1255 1649 1631 1734 ademptum
1690 1651 1793 1714 sit.
1839 1689 1925 1699 --
1982 1651 2083 1714 Ac
2140 1673 2299 1736 prae
2344 1649 2579 1713 ceteris

467 1755 733 1842 quidem
795 1754 924 1818 hoc
978 1753 1342 1818 notandum
1404 1762 1537 1828 est,
1594 1756 1975 1839 primariam
2023 1753 2267 1818 decreti
2314 1775 2579 1817 causam

467 1861 606 1924 sine
665 1859 866 1923 dubi-o
927 1859 998 1920 in
1061 1881 1136 1922 ea
1193 1859 1538 1943 quastione
1601 1859 1838 1930 inesse,
1902 1865 2123 1920 utrum
2182 1857 2321 1919 iure
2380 1853 2579 1918 iudex

465 1961 915 2026 iusiurandum
959 1961 1397 2024 necessarium
1442 1960 1881 2045 postulaverit
1910 1980 2028 2022 nec
2058 1979 2176 2034 neg
2209 1979 2329 2022 nec
2359 1967 2579 2021 tamen

466 2063 592 2128 hoc
656 2085 788 2128 uno
859 2071 1246 2148 argumento
1317 2063 1669 2135 contineri,
1728 2061 1907 2146 quod
1972 2059 2057 2124 ad
2128 2061 2581 2144 quaestionem

469 2164 654 2228 illam
701 2165 1184 2232 diiudican'dam
1230 2167 1462 2241 faciat,
1509 2166 1626 2231 sed
1669 2165 1945 2230 fortuito
1994 2165 2333 2252 generalia
2375 2187 2579 2250 quae-

471 2267 620 2332 dam
665 2269 970 2334 adiuncta
1015 2292 1178 2344 esse,
1227 2293 1415 2355 quae,
1461 2268 1531 2334 id
1574 2269 1753 2355 quod
1800 2270 1928 2333 iam
1976 2287 2052 2332 ex
2094 2270 2583 2332 enuntiatorum

469 2370 990 2438 conformatione
1037 2384 1328 2459 apparet,
1379 2373 1462 2437 ad
1506 2374 1716 2457 ipsam
1762 2373 2213 2457 quaestionem
2260 2392 2393 2435 non
2430 2370 2585 2434 atti·

467 2483 666 2537 neant
761 2470 1037 2560 ideoque
1125 2485 1491 2539 accuratam
1579 2475 2185 2559 interpretationem
2260 2482 2581 2537 recusent.

469 2574 758 2639 Deinde:
819 2576 1060 2641 decreti
1117 2578 1316 2641 verba
1379 2586 1555 2639 recte
1622 2596 1693 2640 se
1754 2576 1995 2639 habere
2050 2572 2134 2637 ad
2204 2596 2340 2637 rem
2410 2575 2585 2639 iuste

473 2676 904 2741 definienda‘m
981 2677 1334 2743 dummodo
1412 2684 1651 2762 (neque
1724 2677 2319 2761 interpunctionem
2386 2675 2583 2741 valde

467 2778 944 2863 respiciendam
999 2785 1192 2863 puto)
1258 2779 1380 2842 illa
1424 2780 1493 2842 in
1537 2778 1710 2843 hunc
1754 2778 2019 2842 modum
2064 2786 2399 2841 mutentur
2446 2800 2587 2857 „re-

469 2882 683 2945 cusari
729 2902 806 2945 ac
847 2881 1139 2955 referri“‚
1197 2880 1282 2943 ad
1325 2903 1523 2965 quam
1568 2880 2085 2945 emendationem
2132 2878 2581 2963 adoptandam

469 3004 546 3047 eo
603 2981 939 3048 faciliores
993 3004 1216 3047 sumus
1238 3030 1254 3056 ‚
1318 3005 1517 3068 quum
1575 2992 1709 3046 tam
1768 2982 2160 3045 testimoniis
2222 2981 2585 3044 multorum

469 3084 809 3148 hominum
859 3084 1200 3151 doctorum
1222 3088 1282 3165 2)
1352 3109 1549 3170 quam
1593 3084 1738 3169 ipsa
1780 3085 2033 3147 ratione
2078 3084 2495 3148 sustineatur.

639 3186 875 3270 Itaque
921 3187 1046 3250 hoc
1093 3195 1387 3259 constat,
1452 3186 1665 3269 capite
1706 3185 1829 3249 ult.
1874 3184 2045 3250 nihil
2096 3186 2247 3250 novi
2294 3207 2436 3251 esse
2482 3186 2587 3247 in·-

467 3285 877 3363 troductum3
937 3299 1155 3352 manet
1195 3289 1400 3375 igitur
1453 3288 1751 3353 doctrina
1820 3298 2011 3352 antea
2068 3288 2329 3373 prolata
2386 3286 2575 3353 haec:

607 3508 663 3571 1)
688 3494 877 3575 'potuit
913 3513 1174 3561 consueto
1211 3524 1366 3561 more
1402 3510 1472 3561 ad
1510 3515 1730 3579 tempus
1766 3513 1922 3561 ortae
1957 3507 2272 3578 rogationis
2321 3509 2579 3567 refertur.

605 3591 664 3656 2)
705 3589 798 3643 Sic
835 3589 875 3643 J
887 3608 956 3644 as
971 3608 1048 3643 on
1083 3592 1122 3645 1.
1153 3608 1198 3648 c.
1239 3594 1308 3647 ad
1343 3593 1469 3647 1.38
1505 3594 1575 3648 D.
1616 3595 1695 3647 ht.
1734 3602 1785 3647 et
1808 3594 1901 3658 sic,
1934 3592 2137 3661 inquit,
2166 3600 2337 3647 textas
2360 3595 2437 3648 ibi
2460 3596 2585 3649 dum

474 3675 604 3730 dicit
639 3677 884 3729 recusari
919 3692 984 3729 ac
1012 3678 1238 3747 referri,
1271 3680 1484 3747 capitur
1508 3695 1612 3747 pro
1654 3682 1845 3733 eodem.
1868 3708 1935 3717 —
1970 3678 2276 3733 Doncllu
2297 3696 2351 3744 s,
2388 3679 2426 3734 1.
2447 3696 2492 3733 c.
2526 3696 2581 3749 p.

469 3760 595 3815 530.
640 3761 775 3813 nihil
809 3762 984 3815 verius
1021 3763 1222 3816 dictum
1259 3772 1306 3817 et
1338 3764 1513 3832 maqis
1550 3765 1909 3817 convenienter
1941 3764 2053 3816 iuri
2096 3764 2255 3817 civili.
2288 3760 2363 3805 ⁴--
2399 3761 2584 3818 Gon-

468 3845 664 3900 zalez
699 3846 949 3901 Tellez
985 3849 1025 3900 l.
1051 3865 1094 3901 c.
1131 3865 1186 3917 p.
1224 3848 1340 3902 615.
1366 3883 1432 3893 --
1481 3850 1668 3902 Aliam
1702 3848 2032 3903 sententiam
2064 3849 2387 3903 defendunt.
2424 3850 2581 3915 Azo,

467 3931 508 3984 l.
533 3947 580 3984 c.
610 3932 710 3987 ¹fol.
749 3932 833 3987 62.
868 3966 936 3977 --
973 3932 1223 3987 Petrus
1260 3935 1340 3988 de
1375 3932 1559 3988 Fert.
1595 3934 1704 3987 l.c.
1741 3950 1798 4005 p.
1837 3934 1940 3988 100
1978 3940 2065 3989 n⁰.
2102 3934 2156 3990 3.
2194 3962 2263 3975 -
2303 3934 2581 3995 Paci-an,

468 4017 509 4072 l.
550 4032 598 4071 c.
635 4016 680 4072 Ι.
718 4016 785 4072 41
819 4024 908 4071 n⁰.
948 4017 996 4071 7.
