2816 4704
1239 297 1318 360 31

235 461 409 549 quod
473 463 738 549 quidem
803 485 938 528 non
995 463 1194 528 aliam
1253 463 1338 528 ob
1385 473 1649 529 causam
1706 465 1955 530 factum
2010 475 2142 541 est,
2208 466 2337 532 nisi

229 566 408 652 quod
453 567 907 631 iusiurandum
952 567 1022 629 in
1061 567 1509 652 legitimarum
1549 568 2011 654 probationum
2056 591 2329 634 numero

231 690 376 734 esse
420 668 782 734 ducebatur
792 693 811 745 3
867 669 974 734 vel
1028 669 1084 733 si
1141 691 1218 732 ea
1275 670 1700 734 iurisiurandi
1763 681 2031 744 natura,
2090 683 2166 734 ut
2204 673 2333 736 nisi

229 773 398 836 aliae
429 773 852 858 probationes
899 771 1206 835 deficiunt
1247 793 1324 834 eo
1369 780 1683 835 utendum
1711 792 1843 836 non
1888 775 1997 848 sit,
2042 773 2333 838 nondum

227 875 502 947 valeret,
545 896 680 938 non
725 883 900 939 esset
943 895 1060 937 cur
1109 874 1477 937 iuramento
1510 876 1704 938 etiam
1749 875 2071 939 inutiliter
2114 875 2333 942 delato

227 978 285 1040 is
331 978 443 1062 qui
491 976 728 1041 detulit
771 997 967 1040 causa
1011 975 1270 1040 caderet
1289 1022 1304 1047 ,
1360 997 1561 1061 quum
1618 977 1767 1041 aliis
1828 978 2331 1063 probationibus

224 1079 440 1142 nihilo
484 1079 700 1143 minus
745 1080 844 1142 uti
887 1087 1134 1163 posset.
1223 1076 1341 1142 Sin
1387 1089 1603 1142 autem
1650 1079 1797 1143 aliis
1827 1080 2333 1164 probationibus

227 1191 407 1245 caret
463 1180 740 1266 ideoque
803 1201 1000 1244 causa
1041 1179 1257 1254 cadit,
1328 1180 1395 1242 id
1452 1191 1727 1265 propter
1782 1182 2135 1265 periurium
2196 1183 2333 1246 fieri

229 1284 466 1347 merito
511 1304 648 1346 non
692 1282 1004 1347 dicemus,
1091 1281 1184 1346 At
1243 1283 1414 1346 enim
1462 1304 1613 1347 vero
1660 1283 1729 1345 id
1774 1283 1989 1345 solum
2037 1295 2337 1368 spectan-

229 1385 388 1450 dum
421 1394 542 1460 est,
575 1386 802 1469 quanti
823 1385 1137 1470 ponderis
1169 1384 1619 1468 iusiurandum
1662 1383 2072 1470 deperditum
2119 1386 2336 1451 fuerit.

229 1523 314 1536 --
360 1487 443 1550 Id
506 1485 770 1571 quidem
825 1485 1281 1552 iusiurandum
1339 1488 1399 1550 si
1452 1496 1708 1570 partem
1768 1486 2087 1551 duntaxat
2140 1511 2334 1576 argu-

227 1573 432 1654 menti
475 1587 800 1674 probandi
845 1590 1196 1663 continuit,
1243 1589 1601 1654 secundum
1658 1599 1846 1654 notas
1894 1588 1975 1654 de
2019 1593 2336 1676 partiaria

225 1689 616 1778 probatione
660 1691 927 1776 regulas
985 1691 1312 1777 agendum
1359 1700 1481 1754 est.

401 1792 538 1856 Nec
581 1802 722 1856 tum
752 1814 954 1878 quum
987 1794 1306 1878 periurus,
1353 1794 1457 1856 cui
1490 1792 1781 1856 delatum
1826 1802 1945 1868 est,
1988 1793 2334 1861 referendo

227 1903 452 1980 partes
495 1895 850 1960 deferentis
898 1895 1198 1974 sustinet,
1245 1894 1594 1960 dicendum
1642 1895 1766 1960 erit
1796 1916 1943 1960 eum
1988 1917 2188 1962 causa
2230 1919 2335 1962 ca·-

230 1997 406 2062 dere.
489 1997 803 2062 Fortasse
853 2019 1040 2078 „eum
1096 1998 1207 2083 qui
1269 1997 1483 2062 defert
1545 2000 1799 2084 ipsum“
1863 1998 2107 2063 dixeris
2172 2000 2335 2080 „fide

230 2100 589 2166 adversarii
633 2099 949 2164 confisum
992 2100 1177 2164 litem
1231 2100 1651 2164 iureiurando
1708 2099 2136 2166 dirimendam
2180 2125 2336 2187 pro-

229 2203 535 2288 posuisse
581 2223 788 2287 eaque
833 2202 912 2266 de
957 2223 1154 2266 causa
1195 2202 1445 2266 iuretur
1498 2200 1629 2264 sibi
1686 2200 1765 2266 de
1820 2202 2147 2266 calumnia
2200 2224 2335 2266 non

236 2305 378 2369 iure
425 2325 545 2369 suo
592 2305 955 2392 postulare,
1003 2326 1204 2389 quum
1250 2304 1330 2368 ab
1379 2325 1457 2368 eo
1502 2303 1607 2367 cui
1652 2303 1794 2389 ipse
1826 2304 2153 2369 detulerat
2204 2307 2338 2371 ius-

232 2406 582 2472 iurandum
627 2408 756 2471 sibi
798 2407 1080 2471 relatum
1125 2406 1352 2484 fuerit3
1397 2406 1523 2470 hac
1568 2414 1783 2470 autem
1828 2408 1975 2471 sola
2014 2407 2095 2471 de
2140 2428 2337 2473 causa

231 2533 380 2574 eum
398 2556 418 2583 ‚
477 2512 583 2576 cui
641 2510 934 2574 delatum
989 2510 1109 2583 sit,
1173 2508 1564 2573 referentem
1627 2508 1708 2573 ab
1768 2509 2186 2573 iureiurando
2232 2532 2338 2574 ca-

229 2613 521 2676 lumniae
563 2612 852 2677 solutum
899 2634 1064 2685 esse,
1109 2611 1389 2695 ideoque
1436 2620 1597 2684 tum,
1643 2612 1759 2677 ubi
1804 2612 1918 2695 qui
1964 2610 2179 2677 defert
2221 2611 2337 2675 ad-

229 2716 594 2779 versarium
637 2716 850 2779 iurare
891 2736 1022 2777 non
1067 2734 1267 2797 posse
1311 2714 1601 2787 sciverit,
1650 2735 1799 2777 eum
1828 2712 1953 2777 fide
1998 2714 2137 2779 eius
2182 2734 2337 2779 con·-

229 2816 422 2880 fisum
467 2837 609 2881 esse
655 2816 888 2880 merito
933 2833 1068 2879 non
1112 2814 1278 2891 dici3
1337 2816 1557 2899 itaque
1590 2815 1650 2879 ei
1694 2816 1809 2899 qui
1852 2816 2164 2879 detulerit
2192 2836 2336 2881 esse

227 2917 760 3004 permittendum,
805 2925 879 2985 ut
927 2919 1310 3005 priusquam
1341 2917 1795 2982 iusiurandum
1840 2918 1921 2982 ab
1960 2918 2335 2983 adversario

227 3022 496 3106 periuro
541 3022 826 3085 relatum
869 3030 1204 3107 praestare
1249 3029 1545 3107 cogatur,
1592 3019 1675 3082 ab
1720 3020 1842 3083 illo
1887 3018 2331 3084 iusiurandum

229 3122 600 3186 calumniae
645 3144 724 3185 ex
768 3122 920 3209 lege
963 3123 1176 3208 possit
1221 3122 1546 3207 exigere“.
1576 3156 1661 3167 ——
1708 3117 1842 3183 Sed
1872 3122 1985 3206 qui
2014 3122 2339 3186 iusiuran-

231 3225 390 3289 dum
437 3222 674 3297 defert‚
720 3244 866 3287 eum
911 3223 1286 3287 meminisse
1333 3232 1625 3307 oportet,
1671 3224 2094 3307 semetipsum
2139 3223 2222 3287 ad
2267 3225 2337 3289 id

232 3324 683 3390 iusiurandum
705 3323 1173 3409 praestandum
1218 3326 1365 3411 cogi
1410 3346 1607 3410 posse
1626 3332 1719 3403 ι);
1767 3335 1961 3410 atque
2006 3348 2176 3400 eum,
2223 3329 2337 3413 qui

232 3428 407 3492 nihil
469 3428 598 3491 nisi
661 3448 738 3491 eo
791 3425 970 3512 quod
1027 3426 1434 3493 adversarius
1482 3427 1724 3492 obtulit
1794 3448 1873 3491 ex
1918 3428 2068 3513 lege
2110 3429 2337 3508 utitur,

233 3528 606 3595 adversario
671 3527 754 3592 de
819 3528 1147 3592 calumnia
1211 3529 1423 3593 iurare
1489 3529 1725 3595 debere
1790 3527 1954 3592 adeo
2022 3516 2345 3593 iniustum⁴

233 3642 429 3717 atque
461 3632 754 3715 ineptum
785 3640 906 3704 est,
950 3641 1026 3694 ut
1055 3653 1090 3694 e
1133 3633 1461 3695 contrario
1506 3654 1785 3715 aequum
1828 3630 2143 3709 videatur,
2187 3653 2335 3718 per-

233 3736 378 3799 iuro
425 3756 624 3819 quum
667 3732 1117 3799 iusiurandum
1161 3734 1222 3797 ei
1251 3732 1545 3799 defertur
1584 3733 1910 3817 permitti,
1958 3744 2035 3797 ut
2074 3756 2337 3821 quoquo

372 3975 428 4042 1)
465 3972 612 4115 16734
645 3974 696 4040 §-
729 3970 762 4026 ⁷
798 3972 868 4026 D.
912 3974 992 4028 ht.
1023 4004 1090 4015 —-
1121 3990 1242 4045 arg.
1283 3972 1326 4027 1.
1364 3972 1447 4029 12.
1484 3974 1533 4043 §-
1563 3974 1595 4029 1
1632 3973 1667 4027 i.
1704 3976 1739 4029 s.
1779 3972 1843 4027 C.
1878 3972 1960 4027 ht.
2000 4002 2067 4011 —
2101 3971 2337 4045 K'onig

233 4062 352 4119 Le.
391 4078 437 4116 c.
544 4098 559 4115 .
