2816 4704
38 471 45 488 ⁷
38 409 43 422 ”
38 347 48 384 ¹*
37 197 55 330 *nv-‘v'

1479 273 1575 336 30,

465 461 606 508 sum
643 449 762 508 est.
847 441 1018 506 Nam
1059 441 1433 526 ubicunque
1463 442 1735 507 vetitum
1768 449 1867 506 est
1896 441 2349 508 iusiurandum
2378 463 2579 526 prae-

463 545 646 618 stari,
691 543 784 608 ibi
827 566 910 608 ne
955 543 1198 608 deferri
1243 543 1509 629 quidem
1549 546 1967 630 permittunt3
2014 567 2407 630 quamquam
2454 547 2573 630 qui

463 648 550 712 sit
593 645 1016 710 iurisiurandi
1067 645 1268 708 delati
1313 645 1581 710 effectus
1627 667 1758 709 non
1802 655 2027 730 potest
2066 649 2193 711 nisi
2242 648 2567 711 electione

464 749 544 812 ab
595 771 670 812 eo
715 749 820 812 cui
865 746 1162 812 defertur
1190 745 1366 810 facta
1397 745 1779 824 diiudicari3
1826 747 1953 812 hoc
1982 769 2186 811 unum
2216 747 2567 812 dicendum

463 859 596 924 est,
641 849 1092 913 iusiurandum
1139 848 1434 914 delatum
1490 871 1638 913 cum
1699 851 1779 914 ab
1827 851 2017 914 initio
2081 851 2345 936 quidem
2402 851 2575 915 vali-

465 952 620 1018 dum
663 950 896 1024 fuerit,
955 960 1113 1036 post
1155 963 1429 1037 propter
1476 954 1645 1016 viam
1711 953 1793 1016 ab
1852 951 2229 1018 adversario
2288 954 2569 1016 electam

463 1051 820 1118 invalidum
868 1053 1028 1117 fieri.
1123 1053 1455 1118 Videlicet
1498 1055 1555 1117 si
1616 1075 1695 1118 ex
1756 1063 1933 1118 sorte
1994 1054 2416 1118 iurisiurandi
2462 1056 2571 1120 vel

463 1153 666 1218 delati
709 1153 818 1219 vel
860 1156 1053 1219 relati
1099 1154 1189 1239 de¹
1237 1156 1386 1240 ipso
1450 1155 1853 1220 admittendo
1910 1155 2331 1220 iureiurando
2381 1179 2572 1242 prae-

463 1256 884 1321 iudicandum
925 1268 1118 1332 esset,
1165 1258 1290 1321 hoc
1321 1259 1564 1342 opinor
1582 1257 1829 1342 ubique
1862 1268 2033 1322 esset
2060 1259 2569 1344 prohibendum,

467 1357 823 1423 dummodo
869 1370 1202 1424 constaret
1243 1358 1695 1424 iusiurandum
1742 1360 2033 1424 delatum
2091 1361 2372 1424 iuratum
2432 1383 2569 1426 non

463 1462 567 1535 iri,
611 1461 787 1547 quod
829 1472 1047 1526 utrum
1094 1463 1438 1526 arbitrario
1484 1465 1771 1547 partium
1816 1474 2136 1527 consensu
2177 1485 2262 1527 an
2306 1463 2571 1528 abdica-

463 1563 640 1628 tione
685 1586 767 1628 an
814 1586 894 1628 ex
937 1564 1088 1650 lege
1133 1563 1268 1638 fiat,
1314 1564 1488 1628 nihil
1530 1565 1893 1630 curandum
1938 1575 2056 1628 est.
2074 1603 2158 1612 —

1442 1753 1493 1836 §-
1540 1757 1599 1816 9.

631 1871 854 1955 Atque
884 1869 954 1934 id
986 1869 1249 1955 quidem
1284 1870 1765 1936 demonstrasse
1809 1870 1971 1934 mihi
2014 1872 2260 1944 videor,
2308 1868 2569 1934 dubita-

462 1972 707 2038 tionem
752 1973 980 2038 istam:
1041 1983 1259 2036 utrum
1309 1973 1535 2058 aliqua
1577 1995 1729 2056 pars
1774 1975 1989 2036 iurare
2032 1975 2245 2059 possit
2296 1995 2417 2037 nec
2460 1995 2565 2047 ne,

463 2075 546 2139 ad
591 2073 998 2141 tractandam
1041 2074 1208 2139 hanc
1266 2075 1346 2139 de
1390 2075 1809 2139 iureiurando
1850 2074 2207 2140 deferendo
2238 2075 2567 2160 quaestio-

461 2201 611 2242 nem
659 2179 922 2242 omnino
966 2177 1136 2242 nihil
1183 2179 1430 2242 afferre.
1518 2177 1679 2240 Iam>
1709 2177 1835 2241 hoc
1892 2176 2335 2262 quaerendum
2389 2176 2571 2242 vide-

462 2291 590 2355 tur,
638 2291 958 2366 quatenus
1005 2279 1426 2344 iurisiurandi
1472 2279 1675 2342 delati
1720 2281 1987 2344 effectus
2032 2287 2337 2342 mutetur.

635 2382 806 2449 Sunt
863 2384 975 2468 qui
1031 2384 1368 2469 periurum
1426 2382 1876 2447 iusiurandum
1910 2382 2327 2447 deferentem
2372 2402 2567 2445 causa

461 2484 688 2549 cadere
737 2485 973 2559 dicant,
1021 2486 1078 2549 si
1123 2482 1580 2549 iusiurandum
1632 2486 2001 2550 calumniae
2061 2485 2143 2549 ab
2206 2504 2281 2547 eo
2337 2494 2569 2569 postu-

460 2588 669 2651 latum
714 2587 818 2651 sit.
909 2586 1210 2667 Quacum
1255 2610 1328 2651 re
1375 2587 1685 2673 coniungi
1746 2597 1967 2673 potest
2013 2610 2123 2660 ea,
2192 2607 2391 2672 quum
2437 2588 2569 2649 ius-

461 2688 808 2753 iurandum
853 2690 913 2753 ei
956 2688 1240 2753 refertur
1261 2735 1282 2762 ,
1330 2690 1400 2752 in
1443 2697 1718 2773 utraque
1781 2690 1952 2753 enim
2008 2690 2090 2753 de
2146 2688 2565 2753 iureiurando

459 2793 856 2877 praestando
932 2790 1048 2855 sed
1104 2799 1370 2876 propter
1432 2788 1584 2853 fidei
1646 2790 1978 2855 defectum
2040 2812 2175 2855 non
2246 2790 2566 2876 praestito

462 2894 700 2980 agitur.
747 2932 830 2941 ——-
887 2893 1070 2957 Haec
1130 2892 1462 2957 sententia
1518 2912 1653 2955 non
1708 2890 1899 2956 video
1960 2914 2088 2978 quo
2156 2890 2565 2956 defendatur.

459 2996 858 3060 Iuramentis
895 2993 1094 3060 facile
1140 2992 1542 3081 intelligitur
1582 2996 1710 3058 nisi
1756 2994 1839 3057 ad
1868 2994 2059 3057 finem
2092 2994 2198 3057 liti
2229 2996 2571 3079 imponen-

459 3098 614 3162 dum
658 3109 878 3185 partes
921 3120 1056 3162 non
1097 3100 1195 3163 uti
1241 3101 1284 3161 i.
1330 3094 1386 3162 ej
1428 3109 1569 3160 tum
1616 3096 1899 3169 demum,
1946 3118 2148 3180 quum
2194 3096 2385 3160 aliter
2413 3118 2573 3181 pro-

459 3200 685 3264 batum
727 3222 860 3263 non
919 3199 1150 3275 fuerit3
1225 3219 1355 3284 quo
1403 3198 1513 3271 fit,
1558 3207 1635 3260 ut
1691 3198 1804 3281 qui
1864 3196 2117 3262 deferat
2174 3198 2567 3283 plerumque

459 3323 656 3365 causa
701 3300 931 3373 cadat,
974 3322 1177 3383 quum
1234 3300 1474 3363 ultimo
1525 3299 1812 3363 remedio
1869 3300 2165 3383 privatus
2216 3300 2332 3376 sit3
2379 3298 2569 3385 Lquod

458 3413 681 3467 tamen
721 3423 853 3465 non
899 3402 1027 3465 ista
1071 3402 1210 3465 eius
1255 3411 1491 3465 natura
1524 3400 1825 3475 efficitur,
1874 3401 1989 3465 sed
2026 3424 2125 3475 ec,
2172 3402 2350 3487 quod
2396 3404 2569 3466 iure-

457 3502 733 3569 iurando
781 3503 1107 3589 adempte,
1154 3526 1354 3589 quum
1411 3514 1670 3589 tempus
1727 3504 2231 3589 probationibus
2291 3506 2567 3591 permis-

459 3628 604 3671 sum
646 3606 1082 3690 praeterierit,
1131 3607 1302 3671 aliae
1360 3608 1699 3693 legitimae
1753 3607 2181 3693 probationes
2240 3607 2565 3671 deficiunt.

461 3706 580 3771 Sin
625 3708 819 3771 aliter
860 3728 933 3774 se
979 3708 1332 3774 defendere
1389 3710 1653 3794 nequit,
1715 3710 1943 3794 quavis
1998 3709 2389 3795 probatione
2456 3710 2567 3774 de-

455 3809 708 3896 perdita
749 3833 903 3897 pars
949 3833 1147 3877 causa
1191 3810 1386 3885 cadit,
1435 3811 1504 3873 in
1536 3832 1665 3897 quo
1697 3808 1992 3877 videmus
2022 3812 2381 3897 periurium
2428 3832 2566 3875 om·-

455 3914 612 3979 nino
643 3915 894 3979 nullius
927 3935 1069 3981 esse
1099 3914 1431 3980 momenti.
1478 3912 1741 3992 Quodsi
1770 3912 2175 3977 iuriiurando
2212 3911 2565 3977 deferendo

458 4026 718 4103 tempus
776 4018 1283 4104 probationibus
1345 4016 1571 4080 datum
1639 4037 1773 4080 non
1839 4023 2011 4081 esset
2058 4016 2565 4101 praescriptum,
