2816 4704
1498 277 1579 336 36
1808 301 1811 303 “
2366 281 2403 300 ¹

475 441 559 504 ad
604 440 902 527 singulas
948 442 1360 526 quaestiones
1407 442 1843 508 absolvendas
1888 442 2153 508 utimur.
2240 445 2588 509 Iusiuran-

474 542 630 607 dum
675 543 819 608 dico
867 545 936 607 in
979 545 1164 608 litem
1213 555 1278 610 et
1319 543 1773 610 iusiurandum
1823 555 1889 610 et
1920 544 2230 612 editionis
2266 558 2333 612 et
2362 548 2589 612 diffes-

473 647 676 710 sionis
734 657 798 712 et
855 648 1425 712 manifestationis.
1514 647 1702 728 Quae
1764 671 1895 732 qua
1955 657 2189 714 natura
2252 651 2387 714 sint
2439 653 2589 734 qui-

474 750 728 834 busque
781 751 1032 836 regulis
1080 750 1513 828 subiicienda,
1584 751 1863 814 maxime
1904 750 2169 834 quidem
2215 751 2589 816 dubitatum

476 859 595 930 est,
643 872 842 936 quam
885 863 1102 917 tamen
1133 852 1611 918 dubitationem
1642 852 1767 916 hoc
1796 853 1947 915 loco
1979 854 2359 918 omittimus.
2416 854 2591 918 Nam

472 955 721 1037 periuri
767 955 1028 1038 quidem
1073 957 1142 1019 in
1187 955 1290 1018 his
1337 956 1643 1020 omnibus
1706 977 1837 1018 una
1884 956 2239 1040 eademque
2286 964 2388 1018 est
2430 977 2591 1018 con-

475 1054 638 1122 ditio
671 1057 863 1122 haee:
895 1061 1070 1143 perit
1109 1057 1596 1132 iusiurandum,
1642 1058 1822 1144 quod
1852 1060 1961 1124 eui
1992 1059 2301 1122 damnum
2332 1059 2586 1131 afferat,

472 1162 822 1247 praecipue
881 1185 960 1226 ex
1012 1162 1204 1228 factis
1269 1161 1691 1226 iudicandum
1750 1163 1889 1226 crit.
1994 1163 2229 1246 Itaque
2284 1162 2355 1224 in
2414 1161 2591 1225 iure-

476 1263 749 1328 iurando
809 1266 878 1328 in
941 1267 1128 1331 litem
1184 1266 1332 1330 aliis
1385 1265 1887 1352 probationibus
1940 1265 2243 1352 periurus
2302 1265 2589 1350 probare

475 1370 670 1436 debet
713 1369 937 1455 quanti
985 1392 1102 1434 sua
1161 1371 1450 1446 intersit3
1484 1371 1551 1433 in
1580 1369 2133 1434 manifestationis
2164 1367 2586 1432 iureiurando

475 1475 664 1538 nullo
707 1494 857 1539 vere
907 1474 1045 1537 iure
1093 1495 1240 1538 eum
1287 1473 1565 1537 dicimus
1612 1493 1759 1536 esse
1793 1473 2153 1557 privatum,
2198 1495 2351 1538 nam
2382 1470 2590 1557 quum

479 1599 554 1642 eo
599 1597 703 1640 res
760 1577 1156 1663 pervenerit,
1217 1585 1292 1639 ut
1347 1575 1429 1658 de
1472 1574 1899 1655 ‚iureiurando
1960 1584 2224 1661 agatur,
2283 1598 2324 1638 a
2374 1573 2594 1638 credi-

477 1690 694 1744 torum
748 1677 1351 1767 percontationibus
1418 1675 1683 1743 securus
1750 1679 1906 1754 erit3
1951 1713 2037 1724 -—
2090 1678 2157 1739 in
2203 1677 2591 1742 iuramentis

479 1780 759 1868 denique
815 1782 1212 1847 diffessionis
1273 1793 1337 1846 et
1397 1781 1704 1845 editionis
1766 1803 2021 1845 summa
2078 1780 2247 1844 ratio
2286 1796 2452 1864 quae
2496 1781 2593 1843 sit

473 1876 612 1948 ‘non
657 1893 951 1970 apparet,
997 1885 1126 1950 hoc
1165 1907 1368 1950 unum
1415 1906 1569 1949 sane
1614 1885 2039 1970 perspicuum
2084 1891 2203 1956 est,
2248 1882 2593 1966 periurum

479 1987 586 2052 hic
631 2008 891 2072 quoque
935 2009 1064 2050 non
1125 1989 1267 2072 pari
1323 1985 1519 2051 modo
1582 1997 1777 2072 atque
1834 1989 1948 2071 qui
2010 1985 2459 2049 iusiurandum
2504 2004 2591 2048 ex

482 2090 754 2156 arbitrio
783 2091 1182 2156 recusaverit
1229 2091 1456 2154 teneri.
1550 2089 1774 2169 Quare
1836 2113 1871 2153 e
1916 2089 2121 2152 factis·
2156 2086 2593 2152 decidendum

482 2203 612 2269 θεῖς
658 2192 727 2255 id
767 2203 988 2258 tamen
1030 2187 1581 2278 praetermittam,
1650 2214 1799 2256 cum
1846 2191 1927 2256 de
1972 2185 2130 2255 iuris
2173 2192 2407 2276 regula-
2450 2211 2593 2256 non

482 2295 562 2365 de
606 2295 767 2361 facti
811 2297 1032 2383 specie
1073 2319 1388 2383 quaerere
1432 2297 1771 2363 voluerim.
