2816 4704
1474 269 1515 331 6

1462 526 1540 623 Ι.

1405 696 1459 778 ς.
1550 700 1605 756 1.

625 819 710 886 In
761 823 904 884 iure
967 815 1361 882 Germanico
1423 811 1701 878 simulac
1764 810 2065 897 legitimo
2132 809 2329 874 modo
2389 811 2558 896 aptis

457 948 606 990 cum
635 917 1344 1002 consacramentalibus
1375 917 1809 980 iuramentum
1840 914 2230 1000 praestitum
2264 919 2382 984 est,
2430 911 2557 974 iam

457 1026 867 1094 accusatione
935 1023 1177 1088 reiecta
1238 1020 1473 1085 veritas
1540 1018 1881 1104 explorata
1948 1014 2179 1080 adesse
2246 1015 2563 1092 creditur3
2679 1027 2689 1036 ·

459 1127 635 1216 quod
677 1137 899 1195 utrum
940 1127 1082 1189 iure
1129 1146 1214 1186 an
1255 1123 1509 1205 ⁸iniuria
1552 1121 1696 1194 fiat,
1753 1119 2005 1184 numini
2068 1117 2565 1183 discernendum

458 1232 873 1315 relinquitur.
963 1226 1165 1308 Quod
1208 1234 1284 1290 ut
1326 1225 1509 1289 fieret
1539 1245 1673 1288 non
1704 1224 1920 1288 solum
1948 1221 2276 1309 rogabant
2301 1242 2564 1296 numen,

463 1333 580 1402 sed
625 1333 1110 1419 quodammodo
1174 1331 1431 1394 irritare
1474 1327 1858 1400 studebant,
1906 1324 2060 1389 dum
2092 1325 2269 1389 facta
2296 1325 2569 1411 periurii

465 1437 914 1502 criminatione
945 1435 1106 1499 iuris
1140 1429 1533 1498 defendendi
1564 1429 1946 1494 facultatem
1978 1429 2036 1492 ei
2066 1428 2566 1514 praebebantl).

634 1539 838 1620 Quod
875 1541 938 1603 si
977 1559 1088 1602 reo
1132 1535 1379 1600 licebat
1424 1533 1505 1597 ab
1552 1534 1806 1597 actione
1850 1531 2266 1597 iureiurando
2303 1553 2373 1598 se
2402 1531 2571 1600 libe-

469 1665 639 1717 rare,
683 1643 860 1708 idem
905 1639 1186 1706 debebat
1240 1637 1680 1703 sinceritatem
1737 1659 1923 1702 suam
1967 1635 2181 1700 orda-li
2226 1634 2567 1702 subeundo

465 1746 786 1834 probare3
831 1767 1044 1830 neque
1088 1744 1208 1809 ille
1255 1740 1438 1807 solus
1484 1740 1789 1818 debebat,
1834 1739 1949 1805 sed
1996 1740 2193 1804 etiam
2230 1759 2573 1806 consacra-

468 1849 786 1914 mentales
820 1849 981 1921 eius‚
1015 1869 1292 1932 quorum
1313 1863 1841 1930 unumquemque
1870 1841 2277 1908 adversarius
2302 1843 2575 1929 periurii

471 1950 872 2036 compellare
906 1957 1200 2034 poterat3
1258 1957 1406 2012 utra
1442 1968 1595 2034 pars
1642 1947 1712 2011 in
1753 1945 2107 2012 certamine
2149 1946 2329 2019 vicit,
2372 1967 2448 2010 ea
2504 1946 2575 2010 in

357 2045 368 2137 ',
469 2055 608 2118 iure
643 2063 761 2118 est.
818 2053 1056 2138 Itaque
1080 2051 1390 2137 quoniam
1419 2050 1639 2136 ipsum
1669 2069 1908 2112 numen
1938 2048 2333 2123 decreverat,
2379 2049 2575 2116 iuris-

367 2145 370 2154 ’
470 2155 730 2222 iurandi
787 2156 1087 2243 praestiti
1143 2153 1370 2218 nullus
1432 2162 1573 2218 erat
1632 2153 1935 2229 effectus3
1992 2162 2269 2238 apparet
2324 2153 2455 2219 vim
2514 2154 2577 2220 ei

469 2260 733 2325 insitam
776 2281 897 2344 per
938 2279 1180 2330 numen
1208 2257 1534 2322 ademtam
1583 2276 1717 2319 non
1749 2277 1912 2320 esse.
1986 2254 2169 2335 Quin
2229 2256 2427 2320 immo
2488 2255 2574 2322 ob

472 2362 666 2427 istam
709 2362 980 2449 periurii
1025 2360 1546 2425 criminationem
1588 2358 1926 2445 pendebat
1962 2360 2186 2443 potius
2230 2360 2579 2425 iuramenti

475 2464 760 2529 effectus·
852 2462 1040 2543 Quae
1099 2463 1361 2550 quidem
1436 2464 1801 2529 criminatio
1862 2464 2023 2549 quin
2088 2465 2155 2527 in
2222 2466 2579 2529 continenti

472 2566 839 2631 necessaria
901 2565 1104 2631 fuerit
1161 2588 1281 2651 ego
1339 2564 1604 2651 quidem
1662 2587 1793 2630 non
1851 2565 2119 2642 dubit03
2178 2575 2331 2652 post
2374 2568 2578 2633 inter-

475 2668 726 2735 vallum
784 2668 957 2731 enim
1013 2690 1087 2732 ea
1141 2668 1404 2753 prolata
1452 2667 1753 2732 existimo
1798 2668 2236 2734 iuramentum
2278 2689 2413 2733 non
2455 2692 2577 2755 po-

476 2771 682 2835 tuisse
721 2768 1023 2833 rescindi.

555 2914 560 2923 ·
643 2890 742 2953 At
793 2889 914 2953 tali
956 2888 1257 2975 ‘periurio
1301 2910 1516 2975 poena
1572 2910 1706 2953 non
1748 2889 2209 2977 'uirrogabatun
2251 2890 2577 2976 putabant

479 2992 652 3058 enim
721 2992 1111 3078 religiosum
1185 3012 1334 3057 eum
1406 3001 1603 3078 atque
1654 2991 1739 3057 ab
1799 2992 2139 3057 hominum
2198 3014 2414 3079 poena
2466 2992 2579 3059 de-

474 3094 772 3168 fensum,
818 3096 932 3179 qui
977 3104 1089 3160 aut
1159 3096 1305 3180 ipso
1381 3094 1627 3159 ordalis
1702 3094 1881 3158 exitu
1902 3144 1920 3173 ‚
1988 3094 2167 3180 quod
2239 3117 2374 3160 non
2424 3118 2577 3161 raro

481 3198 752 3261 alterius
797 3206 1005 3261 morte
1050 3196 1431 3271 finiebatur,
1476 3197 1731 3283 puniri,
1788 3205 1901 3261 aut
1954 3206 2127 3263 certe
2188 3208 2341 3285 post
2404 3220 2582 3264 mor-

476 3308 606 3363 tem
653 3298 908 3363 ultione
953 3298 1172 3363 divina
1215 3300 1398 3386 tangi
1452 3296 1849 3363 credebatur.
1946 3298 2175 3386 Neque
2230 3311 2579 3390 repugnat,

393 3432 402 3456 ι
479 3400 658 3489 quod
713 3400 1121 3466 mendacium
1173 3421 1391 3465 coram
1452 3401 1665 3467 iudice
1717 3402 2007 3487 periurio
2063 3401 2399 3487 prolatum
2466 3412 2583 3469 aut

381 3504 394 3576 ,ἶ
487 3504 570 3570 ab
617 3503 920 3569 omnibus
961 3513 1076 3569 aut
1118 3527 1156 3567 a
1184 3503 1527 3569 nonnullis
1559 3506 1917 3572 iuratorum
1948 3506 2224 3591 pecunia
2264 3504 2580 3571 luendum

623 3776 680 3843 1)
714 3774 1004 3831 Eiusmodi
1041 3776 1233 3831 erdale
1269 3792 1517 3847 pugnam
1545 3776 1781 3830 duorum
1816 3792 2034 3849 semper
2060 3776 2229 3833 fuisse
2252 3777 2581 3848 putaverim,
2682 3834 2687 3837 ,

481 3860 615 3930 quia
648 3877 804 3915 reum
839 3862 1150 3915 iuramento
1187 3861 1457 3931 praestito
1494 3862 1603 3916 iam
1640 3860 1802 3917 valde
1838 3863 2116 3917 munitum
2140 3862 2209 3918 ad
2234 3862 2577 3937 subeundum

483 3944 674 4001 erdale
709 3945 889 4001 solum
925 3946 1214 4017 compelli,
1263 3949 1475 4016 absque
1511 3948 1729 4003 ratione
1764 3964 1885 4003 esse
1918 3949 2161 4003 videtur.
2232 3948 2421 4019 Atque
2458 3948 2578 4004 ubi-

483 4045 610 4102 que,
647 4033 798 4101 quod
831 4032 972 4089 mihi
1005 4032 1298 4105 cognitum
1331 4038 1435 4103 est,
1468 4032 1745 4090 eiusmodi
1778 4048 2005 4107 pugnae
2036 4040 2301 4107 peractae
2332 4040 2477 4089 sunt.
