2816 4704
1479 227 1556 286 10

578 428 584 434 ·
625 392 1078 460 Evanescente
1124 392 1254 457 iam
1286 391 1516 456 ordine
1546 389 1939 456 iudiciorum
1969 389 2375 475 privatorum
2406 409 2563 454 con·—

453 495 627 582 tigit,
659 505 734 560 ut
755 497 994 582 quibus
1017 495 1280 582 legibus
1307 491 1762 560 iusiurandum
1780 494 1851 556 in
1880 493 2021 556 iure
2052 493 2345 557 delatum
2370 502 2563 557 antea

457 599 780 663 munitum
823 599 1063 671 fuerat,
1110 621 1223 664 eae
1281 598 1413 661 iam
1458 596 1611 660 inde
1656 595 1739 660 ab
1771 595 1897 659 hoc
1926 593 2207 661 iudicem
2251 597 2293 660 i.
2326 618 2378 660 e.
2426 619 2563 660 ma-

455 701 803 788 gistratum
849 710 1166 766 tenerent.
1257 699 1394 780 Qui
1438 721 1641 786 quum
1694 699 1843 784 lege
1903 699 2123 762 iussus
2186 706 2361 762 esset
2412 719 2560 761 sen-

453 805 722 869 tentiam
767 803 939 869 ferre
985 802 1386 868 iuriiurando
1444 823 1799 889 congruam
1820 847 1841 874 ,
1904 801 2115 866 altera
2167 823 2321 887 pars
2366 799 2562 866 facile

453 905 630 970 laedi
675 914 956 990 poterat,
1003 907 1061 972 si
1105 906 1211 971 vel
1257 927 1294 968 a
1322 905 1588 990 periuro
1620 904 2055 968 iuramentum
2085 901 2560 976 deferrebatur,

451 1009 559 1074 vel
603 1009 744 1094 ipse
789 1007 987 1082 iudex
1028 1009 1360 1093 periurum
1417 1009 1715 1073 voluerat
1766 1007 1999 1070 iurare.
2098 1005 2331 1090 Itaque
2390 1026 2559 1091 quae

453 1109 534 1175 de
579 1110 996 1175 iureiurando
1055 1111 1125 1174 in
1179 1115 1318 1175 iure
1377 1110 1599 1176 delato
1658 1131 1859 1194 supra
1920 1108 2392 1183 demonstravi,
2454 1109 2562 1174 hic

456 1222 611 1278 sunt
639 1211 1023 1300 repetenda,
1069 1214 1164 1276 ita
1209 1213 1508 1299 quidem,
1566 1223 1641 1276 ut
1681 1213 2015 1297 periurum
2070 1212 2151 1275 ab
2210 1212 2563 1276 iuramenti

456 1315 788 1380 delatione
835 1325 901 1380 et
950 1315 1366 1381 iureiurando
1414 1317 1495 1382 ab
1543 1315 1753 1381 iudice
1795 1315 2015 1380 delato
2047 1315 2286 1402 repelli
2328 1315 2561 1382 merito

451 1419 842 1508 postuletur.

1431 1591 1481 1676 ς.
1530 1596 1589 1654 3.

627 1744 810 1810 Haec
855 1741 1334 1810 Germanorum
1379 1755 1447 1810 et
1490 1745 1935 1809 Romanorum
1996 1745 2078 1810 de
2140 1745 2559 1810 iureiurando

459 1869 627 1932 quae
674 1849 950 1933 exposui
994 1856 1346 1934 praecepta
1401 1847 1755 1913 christiana
1816 1848 2111 1912 doctrina
2169 1848 2566 1934 improbavit

457 1971 532 2014 ac
599 1951 893 2016 mutavit.
1008 1950 1275 2016 Etenim
1338 1951 1649 2035 quamdiu
1706 1951 1927 2015 clerici
1986 1973 2176 2016 omne
2238 1951 2565 2016 iusiuran-

462 2052 620 2116 dum
664 2055 936 2138 impium
990 2052 1274 2138 ideoque
1321 2056 1583 2121 vetitum
1609 2074 1753 2118 esse
1800 2052 2298 2120 declaraverunt
2324 2060 2403 2135 ¹),
2450 2061 2564 2118 ne·-

459 2157 744 2220 cessario
803 2167 1224 2222 consecutum
1285 2165 1417 2230 est,
1497 2165 1574 2220 ut
1643 2155 2091 2222 iusiurandum
2158 2158 2316 2222 dolo
2387 2158 2563 2222 falso

456 2259 844 2342 praestitum
903 2259 1074 2323 inter
1117 2259 1398 2322 maxima
1441 2267 1709 2343 peccata
1738 2253 2208 2335 numeraretur,
2256 2263 2565 2347 quoniam

455 2362 823 2446 periculum
885 2373 1062 2436 erat,
1137 2385 1218 2427 ne
1275 2362 1517 2448 periuri
1590 2364 1805 2426 anima
1864 2362 2265 2449 perderetur.
2380 2361 2566 2442 Quo-

457 2464 630 2529 circa
675 2466 846 2529 sieut
889 2473 1251 2529 ceterorum
1294 2474 1708 2549 peccatorum
1769 2466 1863 2529 ita
1904 2465 2099 2553 huius
2156 2488 2415 2551 quoque
2462 2488 2566 2530 ec-

463 2567 665 2631 clesia
732 2575 1023 2651 apertam
1086 2566 1567 2631 confessionem
1629 2569 2055 2653 postulabat,
2132 2590 2261 2652 qua
2328 2569 2563 2631 noxius

459 2666 651 2734 valde
695 2690 764 2733 se
817 2670 1155 2753 poenitere
1197 2664 1450 2755 peccati
1496 2678 1925 2746 asseveraret3
1970 2680 2044 2733 ut
2070 2670 2199 2733 hoc
2228 2679 2566 2755 peccatum

463 2772 714 2835 sincera
759 2771 960 2834 animi
1019 2771 1471 2835 emendatione
1526 2771 1837 2847 lueretur,
1885 2796 1923 2837 a
1968 2773 2223 2838 clericis
2268 2772 2568 2835 consola-

463 2874 659 2937 tionis
721 2873 1036 2938 auxilium
1099 2874 1315 2939 afferri
1373 2874 1656 2941 iubebat.
1746 2875 1906 2961 Ipsa
1964 2885 2181 2940 autem
2238 2873 2565 2937 confessio

463 2972 897 3042 conscientiae
945 2985 1086 3041 erat
1123 2977 1376 3052 relicta,
1424 2998 1635 3061 neque
1679 2978 1737 3041 si
1789 2977 2009 3040 clerici
2052 2977 2312 3061 piacula
2355 2977 2567 3061 impo-

458 3079 725 3152 nebant,
771 3079 904 3143 alio
952 3079 1228 3143 consilio
1275 3078 1741 3163 imponebant,
1798 3079 1929 3142 nisi
1972 3089 2048 3142 ut
2093 3080 2294 3142 animi
2337 3078 2568 3163 poeni-

459 3181 731 3243 tentiam
776 3170 1194 3245 testarentur.
1282 3179 1484 3258 Quod
1526 3189 1742 3244 autem
1798 3180 2089 3247 divinam
2141 3191 2567 3268 peccatorum

459 3282 710 3345 veniam
755 3281 906 3346 inde
951 3283 1236 3367 pendere
1283 3284 1506 3347 clerici
1562 3282 1957 3359 docuerunt,
2019 3284 2088 3348 id
2146 3285 2356 3348 multo
2415 3291 2569 3370 post

461 3381 722 3446 demum
767 3385 1075 3461 invaluit3
1125 3396 1453 3478 quumque
1486 3386 1907 3451 Innocentius
1938 3386 2078 3451 ΙΙΙ.
2112 3386 2565 3451 sacerdotibus

463 3485 893 3571 imperasset,
968 3497 1044 3549 ut
1115 3486 1197 3551 de
1257 3486 1669 3552 subditorum
1723 3490 2006 3573 peccatis
2076 3490 2386 3553 certiores
2428 3488 2568 3552 fieri

464 3586 820 3662 studerent,
864 3589 1214 3673 paullatim
1274 3590 1601 3655 terrestris
1648 3613 1900 3677 poenae
1943 3592 2127 3655 notio
2192 3592 2261 3654 in
2318 3590 2568 3675 piaculi

463 3690 765 3776 imperati
821 3691 1044 3756 locum
1101 3693 1444 3766 successit,
1494 3715 1660 3779 quae
1719 3714 1931 3779 poena
1983 3703 2142 3781 post
2198 3692 2568 3758 diuturnam

465 3794 955 3858 vacillationem
1004 3777 1271 3859 saeculo
1315 3793 1454 3859 fere
1503 3805 1735 3881 quarto
1770 3795 2019 3861 decimo
2054 3820 2092 3861 a
2122 3796 2567 3863 saecularibus

605 4016 659 4081 1)
701 4015 1114 4077 Eichhorn‚
1149 4011 1449 4071 Kirchenr.
1485 4011 1557 4067 Π.
1596 4017 1709 4071 530;
