2816 4704
1506 287 1593 346 32

497 451 696 515 modo
743 473 934 538 agere
977 453 1413 525 constituerit,
1456 451 1897 516 adversarium
1930 450 2154 516 iubeat
2182 451 2427 515 iurare:
2473 473 2611 514 non

491 554 896 618 calumniose
941 555 1201 640 periuro
1241 574 1312 618 se
1357 552 1810 617 iusiurandum
1855 551 2193 616 detulisse.

668 654 856 720 Unde
902 663 1201 740 apparet,
1251 677 1328 718 eo
1373 655 1553 738 quod
1610 653 2061 720 iusiurandum
2106 654 2189 717 ab
2236 653 2613 719 adversario

491 757 756 842 periuro
799 778 934 820 non
974 758 1248 829 iuretur,
1295 778 1429 820 non
1471 757 1631 830 fieri,
1676 768 1753 820 ut
1796 759 1851 820 is
1894 756 2108 820 defert
2151 777 2349 820 causa
2394 756 2610 820 cadat.

493 856 695 937 Quod
754 860 1048 942 quamvis
1117 859 1256 922 fieri
1321 859 1564 944 possit,
1642 869 1817 924 certe
1881 859 2173 942 periurio
2248 859 2608 922 commisso

496 981 630 1023 non
677 958 866 1024 effici.

662 1062 978 1126 Attamen
1023 1084 1155 1125 non
1199 1062 1541 1148 intelligo,
1582 1083 1713 1147 qua
1756 1084 1825 1126 re
1868 1061 2167 1147 perducti
2216 1063 2329 1126 alii
2362 1060 2605 1134 dicant,

493 1165 755 1249 periuro
804 1165 916 1249 qui
953 1163 1402 1227 iusiurandum
1450 1166 1809 1248 acceperit,
1857 1185 2135 1248 poenam
2185 1163 2607 1248 irrogandam

492 1286 636 1330 esse
683 1287 844 1339 eam,
895 1288 1022 1351 qua
1067 1268 1180 1350 qui
1220 1268 1438 1330 iurare
1464 1268 1683 1331 noluit
1712 1266 2015 1330 afficitur.
2077 1265 2287 1346 Quem
2321 1288 2606 1332 errorem

491 1369 622 1430 iam
669 1369 816 1452 ipsa
860 1368 1054 1432 edicti
1099 1368 1296 1432 verba
1338 1367 1746 1454 redarguunt
1790 1369 1953 1432 haec
1998 1366 2421 1446 „manifestae
2468 1377 2609 1431 tur-

491 1469 810 1556 pitudinis
857 1480 976 1542 est,
1019 1470 1259 1533 nolle
1301 1492 1423 1533 nec
1467 1471 1679 1538 iurare
1724 1491 1845 1533 nec
1882 1469 2187 1534 referre“.
2264 1471 2419 1534 Illic
2460 1471 2607 1554 qui-

495 1571 643 1636 dem
709 1571 788 1633 de
839 1573 1252 1634 contumacia
1311 1572 1561 1657 agitur,
1621 1593 1751 1656 qua
1804 1580 2069 1656 praetor
2113 1573 2303 1658 fingit
2343 1557 2601 1657 partem

495 1693 636 1738 esse
685 1673 1086 1747 confessam,
1153 1674 1256 1736 hic
1314 1689 1529 1738 autem
1594 1673 1674 1737 de
1732 1675 2142 1737 contumacia
2200 1674 2309 1759 agi
2351 1675 2603 1759 nequit,

497 1775 651 1859 quia
698 1776 962 1858 periuro
1009 1777 1222 1840 iurare
1267 1797 1402 1839 non
1445 1776 1619 1838 licet.
1708 1774 1815 1838 De
1858 1775 2195 1839 voluntate
2239 1796 2373 1838 non
2402 1798 2604 1859 quae-

491 1879 689 1950 ritur,
734 1899 949 1960 neque
995 1877 1198 1963 igitur
1239 1887 1513 1962 propter
1542 1877 1899 1941 voluntatis
1932 1876 2257 1941 defectum
2301 1877 2603 1962 periurus

490 1980 782 2062 punitur.
872 1978 1104 2042 Voluit
1162 1978 1447 2043 fortasse
1505 1981 1754 2050 iurare,
1815 2000 2027 2063 neque
2087 1988 2302 2043 tamen
2362 1980 2603 2063 potuit,

493 2081 639 2165 quis
684 2081 886 2166 igitur
931 2101 1077 2144 eum
1124 2080 1457 2144 nolentem
1500 2080 1779 2144 dixerit?
1856 2081 1969 2152 At,
2018 2082 2251 2165 inquit,
2297 2082 2601 2167 periurus

491 2181 732 2246 delicto
769 2203 890 2247 suo
937 2184 1270 2268 optionem
1315 2184 1459 2267 ipse
1501 2183 1627 2247 sibi
1674 2181 1947 2255 ademit,
1995 2182 2277 2266 ideoque
2322 2206 2361 2246 a
2404 2205 2601 2268 prae-

493 2286 662 2348 toria
705 2287 834 2348 ista
876 2286 1192 2350 electione
1237 2286 1543 2348 exclusus
1582 2285 1655 2348 in
1700 2307 1777 2348 ea
1804 2283 2216 2348 solummodo
2250 2307 2448 2350 causa
2480 2295 2602 2359 est,

492 2396 568 2451 ut
607 2386 879 2463 referat3
943 2388 1051 2455 cui
1095 2390 1234 2451 iure
1275 2387 1593 2451 hodierno
1643 2386 1905 2471 quidem
1966 2388 2273 2472 probatio
2318 2409 2439 2472 pro
2489 2411 2603 2451 ex-

494 2490 826 2554 oneranda
870 2491 1264 2554 conscientia
1308 2490 1612 2555 adiuncta
1644 2498 1776 2566 est3
1828 2492 2121 2574 accipere
2150 2488 2600 2553 iusiurandum

490 2612 623 2655 non
691 2592 752 2655 ei
807 2614 948 2655 esse
1008 2590 1517 2655 concedendum.
1568 2578 1573 2585 ’
1616 2591 1807 2671 Quae
1884 2592 2333 2677 interpretatio
2403 2592 2601 2655 nobis

491 2694 716 2778 inepta
761 2713 903 2757 esse
947 2691 1229 2769 videtur3
1277 2694 1517 2758 etenim
1562 2712 1817 2761 summa
1863 2692 2059 2757 edicti
2088 2694 2249 2759 haec
2280 2703 2398 2766 est,
2446 2714 2605 2757 con—

493 2796 842 2877 tumaciam
909 2815 1052 2859 esse
1107 2794 1545 2879 puniendam,
1578 2825 1585 2840 ·
1618 2818 1747 2879 qua
1802 2796 2117 2858 alterutra
2174 2817 2329 2881 pars
2388 2815 2601 2879 neque

490 2898 638 2983 ipsa
681 2895 1092 2961 iureiurando
1139 2897 1325 2960 litem
1367 2897 1557 2961 finire
1600 2918 1811 2981 neque
1856 2896 2228 2962 adversario
2276 2895 2601 2960 confidere

493 2999 671 3063 velit.
759 2998 978 3084 Igitur
1032 3009 1290 3083 partem
1351 2998 1723 3063 confessam
1770 3019 1911 3063 esse
1952 3009 2091 3061 tum
2132 2998 2392 3063 demum
2438 2998 2623 3083 fingi.

488 3102 751 3185 poterit,
796 3123 996 3184 quum
1025 3123 1179 3184 pars
1208 3102 1433 3184 aliqua
1463 3122 1722 3166 omnem
1750 3099 2261 3163 declarationem
2284 3121 2600 3164 recusans

492 3224 526 3265 e
556 3201 980 3265 facultatibus
1017 3201 1146 3265 sibi
1183 3202 1520 3285 permissis
1566 3184 1756 3265 nulla
1789 3202 1887 3264 uti
1924 3200 2228 3265 voluerit.
2272 3202 2495 3286 Atque
2527 3203 2601 3265 in

490 3322 568 3365 eo
601 3324 836 3367 causae
867 3311 1046 3365 statu
1077 3302 1559 3367 confessionem
1592 3301 1750 3388 fingi
1782 3325 1913 3367 non
1941 3304 2161 3367 solum
2194 3326 2327 3368 non
2356 3304 2597 3368 durum

489 3404 609 3469 sed
637 3404 1077 3468 necessarium
1111 3412 1231 3476 est,
1285 3426 1415 3488 quo
1447 3403 1681 3467 iudicis
1714 3406 2065 3469 auctoritas
2098 3406 2354 3492 integra
2385 3427 2601 3471 serve-

489 3515 615 3569 tur.
657 3504 740 3568 Id
770 3516 985 3570 tamen
1055 3526 1190 3571 non
1220 3506 1396 3570 valet
1424 3506 1495 3568 in
1523 3506 1800 3589 perium,
1835 3508 1945 3591 qui
1978 3508 2229 3570 nullius
2263 3518 2599 3571 contuma-

488 3607 624 3671 ciae
653 3628 804 3671 reus
835 3606 926 3679 fit,
959 3629 1160 3690 quum
1190 3617 1262 3670 ut
1291 3608 1402 3671 lex
1433 3607 1615 3671 iubet
1642 3607 2045 3672 voluntatem
2080 3630 2267 3673 suam
2300 3610 2597 3673 enuntiat

394 3766 402 3769 ,
493 3720 558 3775 et
602 3709 1053 3775 iusiurandum
1101 3710 1393 3773 delatum
1440 3710 1695 3794 accipit.
1780 3710 2007 3775 Iurare
2052 3733 2200 3775 eum
2230 3732 2367 3775 non
2395 3732 2596 3796 posse

489 3810 768 3897 ideoque
811 3813 995 3877 illius
1049 3812 1436 3883 consilium,
1501 3812 1621 3895 qui
1675 3812 1859 3874 litem
1904 3812 2117 3877 voluit
2170 3812 2596 3877 iureiurando

489 3914 696 3987 finire,
743 3915 1000 3978 irritum
1045 3913 1296 3978 factum
1341 3914 1446 3985 iri,
1494 3915 1551 3975 si
1598 3922 1712 3976 aut
1742 3935 1781 3975 a
1806 3915 2073 3998 periuro
2114 3924 2449 3999 acceptum
2481 3926 2595 3977 aut

489 4018 756 4102 periuro
810 4017 1092 4081 relatum
1148 4016 1348 4081 fuerit
1397 4014 1889 4088 iusiurandum,
1956 4016 2023 4077 id
2096 4017 2357 4102 utrique
2420 4018 2595 4102 parti
