2816 4704
1267 285 1348 348 18

249 445 592 527 dixerunt,
638 455 776 518 non
817 450 1194 518 dubitamus
1237 451 1635 518 contendere
1651 451 1745 535 1);
1788 454 2010 538 'neque
2053 461 2359 538 putamus

248 553 466 618 adhue
512 565 765 632 extare,
813 555 926 639 qui
969 577 1112 620 eam
1157 554 1518 620 defendant
1566 557 1991 629 sententiam,
2038 578 2235 641 quam
2282 577 2361 618 ex

245 656 624 743 ignorantia
653 659 815 726 iuris
845 656 1130 722 Romani
1165 658 1439 742 eiusque
1468 667 1739 724 naturae
1773 666 1983 723 ortam
2015 674 2157 722 esse
2185 665 2361 722 reete

250 757 604 825 affirmavit
660 756 1132 846 Savigny2).
2340 777 2349 784 ·

425 859 682 927 Contra
725 861 1000 946 plurimi
1040 862 1360 936 obtinent,
1406 861 1545 926 iure
1575 861 1926 926 Pontificio
1974 882 2113 927 eam
2154 869 2363 925 statu-

139 1005 156 1028 ,
240 972 378 1029 tam
422 985 610 1038 esse,
657 966 728 1028 in
771 987 969 1048 quam
1025 965 1407 1028 sententiam
1452 963 1567 1028 alii
1610 965 1753 1050 ipsa
1798 963 1991 1029 verba
2040 963 2271 1047 capitis
2320 969 2359 1026 2

241 1065 340 1131 X.
373 1065 451 1130 de
491 1067 681 1151 prob.
731 1075 788 1132 2.
841 1073 917 1130 19
964 1067 1342 1148 afferunt⁸),
1389 1068 1507 1132 alii
1548 1067 1746 1132 modo
1780 1090 1861 1132 ex
1888 1067 2191 1136 universa
2222 1067 2359 1130 eius

242 1170 501 1234 ratione
546 1189 689 1234 eam
734 1168 1028 1236 derivant
1045 1173 1124 1254 ⁴).
1215 1169 1437 1236 Verba
1481 1171 1713 1256 eapitis
1760 1170 1919 1234 haee
1964 1179 2149 1234 sunt:

422 1273 639 1352 „Sicut
684 1273 1056 1338 eonsuetudo
1103 1273 1477 1338 laudabilis.-
1525 1275 1689 1338 Sane
1728 1277 2023 1358 quoniam
2056 1272 2226 1356 apud
2256 1294 2360 1336 vos

245 1386 606 1440 consuetum
673 1398 796 1440 esee
853 1375 1213 1455 didicimus,
1273 1390 1344 1440 ut
1400 1399 1593 1461 quum
1652 1376 1880 1462 aliquis
1945 1377 2354 1438 intentionem

240 1501 422 1540 suam
455 1479 860 1561 fundaverit,
917 1481 1346 1554 intrumentis,
1405 1490 1517 1542 aut
1565 1480 1852 1554 testibus,
1898 1488 2353 1542 sacramentum

246 1579 652 1644 nihilominus
695 1581 1057 1665 defer-atum
1101 1581 1268 1665 quod
1311 1584 1369 1644 si
1410 1582 1613 1644 subire
1655 1579 1961 1654 noluerit,
2007 1581 2173 1666 fides
2203 1601 2358 1664 pro-

249 1681 604 1749 bationibus
647 1705 770 1746 non
813 1684 1093 1748 habetur.
1178 1681 1259 1746 Ν
1255 1705 1320 1746 os
1363 1684 1535 1765 (cum
1584 1694 1727 1746 tunc
1758 1682 2002 1746 demum
2034 1682 2117 1746 ad
2151 1682 2359 1746 huius·-

249 1784 426 1846 modi
452 1786 535 1846 sit
564 1788 928 1870 suffrayz’um
957 1785 1413 1860 recurrendum,
1446 1781 1635 1869 quum
1668 1783 1831 1848 aliae
1864 1784 2354 1868 leyz‘timaesspro-

249 1885 528 1950 bationes
553 1887 750 1950 deesse
773 1890 1131 1968 noscuntur)
1154 1887 1341 1950 talem
1365 1887 1862 1950 consuetudinem
1885 1887 2341 1972 reprobamue.“

429 1985 582 2066 Qua
623 1987 771 2074 lege
815 2010 948 2052 non
991 1987 1222 2051 dubito
1269 1988 1429 2073 quin
1475 1997 1540 2053 et
1583 1987 1985 2052 consuetudo
2032 1989 2211 2050 omni
2253 2009 2358 2052 ra·

244 2087 424 2152 tione
481 2110 706 2154 carens
765 2089 1182 2176 reprobetur,
1248 2103 1312 2156 et
1355 2091 1627 2155 iteratur
1677 2100 1908 2154 notum
1953 2089 2126 2152 illud
2170 2112 2356 2176 prae-

246 2200 540 2275 ceptum,
601 2213 730 2277 quo
787 2191 984 2256 iudex
1038 2193 1166 2255 nisi
1215 2191 1495 2256 subsidii
1540 2193 1688 2256 loeo
1733 2201 1991 2258 vetatur
2033 2194 2356 2256 iusiuran-

247 2290 403 2357 dum
448 2295 803 2379 imponere.
881 2293 1016 2359 Ubi
1061 2293 1142 2359 de
1173 2295 1561 2381 probatione
1592 2295 1828 2381 agitur,
1872 2293 2167 2360 videmus
2200 2295 2356 2359 sim-

246 2395 506 2481 pliciter
538 2395 614 2461 de
644 2398 1008 2461 iuramento
1040 2396 1261 2463 delato
1295 2398 1426 2485 agi.
1472 2402 1530 2462 A
1558 2420 1687 2483 quo
1724 2396 1987 2461 delato?
2030 2395 2352 2460 Nimirum

250 2498 333 2561 ab
367 2496 599 2571 iudice,
630 2521 779 2563 nam
810 2498 963 2563 huie
994 2499 1067 2562 fit
1088 2500 1425 2585 probati03
1460 2498 1637 2584 quod
1664 2497 1858 2563 etiam
1890 2522 1924 2563 e
1947 2498 2351 2586 praeiudicio

249 2600 641 2666 constituto:
689 2600 883 2665 fidem
930 2602 1426 2686 probationibus
1472 2623 1605 2665 non
1637 2602 1887 2677 haberi,
1934 2604 2353 2687 perspicuum

246 2711 365 2776 est,
410 2724 562 2766 nam
609 2702 742 2768 tale
785 2702 1258 2789 praeiudicium
1299 2713 1430 2788 quo
1464 2706 1604 2769 iure
1636 2706 1999 2769 iuramento
2032 2704 2113 2770 ab
2146 2704 2353 2771 altera

245 2814 434 2891 parte
477 2804 700 2869 delato
747 2805 1045 2869 adhiberi
1088 2806 1348 2892 possit?
1437 2806 1663 2893 Neque
1709 2806 2154 2882 „deferre“
2183 2806 2353 2872 iudi·-

250 2928 388 2972 eem
433 2906 884 2973 iusiurandum
937 2930 1059 2992 pro
1106 2930 1266 2975 voce
1312 2912 1627 2975 inusitata
1671 2911 2019 2995 quisquam
2064 2908 2352 2974 habebit.

419 3009 526 3074 Ex
557 3012 684 3076 ista
716 3012 918 3099 igitur
947 3011 1418 3076 consuetudine
1449 3012 1521 3076 ni
1550 3010 1755 3075 fallor
1782 3012 2173 3095 probatione
2202 3033 2351 3096 per-

242 3110 416 3177 fecta
446 3113 526 3177 ab
557 3122 776 3178 actore
803 3112 1254 3178 iusiurandum
1277 3115 1642 3179 calumniae
1664 3115 2147 3201 postulabatur,
2176 3113 2352 3199 quod

241 3214 506 3299 quidem
539 3215 991 3279 iusiurandum
1014 3238 1188 3303 papa
1217 3218 1701 3303 suppletorium
1733 3238 1875 3283 esse
1910 3228 2090 3282 ratus
2130 3218 2349 3282 iussitz

380 3457 436 3525 1)
479 3459 548 3512 ef.
597 3454 856 3521 Faber,
909 3454 981 3507 de
1015 3468 1186 3508 error.
1224 3470 1440 3525 pragm.
1483 3454 1610 3509 Col.
1661 3455 1797 3510 1613
1833 3472 1893 3528 p,
1924 3454 2043 3511 527.
2081 3489 2145 3501 --
2184 3455 2279 3510 Lu
2296 3456 2351 3515 d.

242 3542 537 3611 Martin,
594 3558 732 3595 eom.
781 3540 883 3593 sor.
923 3537 1074 3593 Gosl.
1129 3540 1264 3593 1694
1309 3540 1395 3595 tit.
1434 3540 1501 3594 19
1530 3542 1578 3607 §-
1620 3541 1650 3594 1
1686 3559 1744 3595 n.
1784 3542 1834 3595 5.
1896 3571 1968 3583 —
2028 3542 2347 3611 Seyfart,

240 3626 601 3697 Reiehsproe.
629 3643 682 3697 p.
706 3625 824 3680 279.
847 3656 915 3665 -
940 3626 1002 3678 M
1025 3625 1338 3695 alblank‚
1377 3627 1415 3680 1.
1458 3644 1503 3680 e.
1540 3629 1589 3694 §-
1627 3627 1695 3682 59
1733 3645 1789 3699 p.
1818 3628 1935 3683 152.
1960 3658 2025 3669 —-
2052 3626 2350 3695 Saevus,

241 3711 369 3767 diss.
407 3713 477 3766 de
509 3713 670 3782 prob.
705 3727 759 3780 p.
797 3726 962 3767 exon.
997 3727 1180 3767 conse.
1215 3711 1369 3781 Lips.
1407 3711 1559 3766 1702.

376 3798 438 3867 2)
477 3796 817 3868 savigny,
851 3796 1071 3868 System
1107 3796 1232 3851 VII.
1269 3813 1326 3867 p.
1361 3798 1447 3851 88.
1482 3828 1549 3837 -
1588 3797 1901 3866 Het’ster,
1935 3800 2007 3853 le.
2044 3816 2103 3869 p.
2140 3795 2258 3851 279.

377 3885 438 3952 3)
473 3883 810 3953 Savigny,
847 3882 990 3953 Syst.
1029 3883 1072 3937 l.
1109 3900 1156 3937 e.

377 3970 434 4043 4)
469 3969 1050 4041 Strippelmann‚
1083 3970 1154 4024 le.
1189 3968 1263 4023 11.
1297 3969 1419 4026 307.
1454 3998 1521 4012 --
1554 3970 1859 4035 Mar-tin,
1896 3968 2117 4041 Vorlsg.
2152 3968 2244 4023 eit.
2272 3966 2345 4025 11.

245 4057 348 4112 280
381 4074 436 4112 n.
474 4055 560 4111 28.

2762 0 2799 169 Q(

2784 735 2799 844 4¹5*-
2788 453 2799 708 ψμᾼῌῌ
2793 377 2798 420 ,μμ
2782 247 2798 344 ³1⁴1&
2796 203 2798 232 -.
