2816 4704
1235 287 1312 350 15

203 475 348 540 iure
407 472 756 540 Pontificio
817 475 1108 562 agnitam
1155 483 1350 538 esse“
1390 470 1683 546 credam,
1741 469 1917 558 quod
1958 471 2123 537 facit
2177 466 2321 536 Sa-

202 578 460 664 vigny
505 575 710 662 (Syst.
753 574 913 644 VII.
961 580 1112 658 88.).
1201 574 1356 654 Quo
1420 584 1494 638 ut
1530 575 2022 661 perveniamus,
2068 573 2323 664 fingen-'

207 677 367 744 dum
411 681 555 755 erit,
603 679 1001 744 delationem
1046 678 1313 764 quidem
1345 686 1495 742 ante
1529 687 1831 764 coeptam
1861 677 2319 762 probationem

206 802 352 847 esse
396 781 676 856 factam,
735 803 938 868 eaque
1002 779 1294 867 perfecta
1339 779 1601 844 demum
1647 781 2083 844 iuramentum
2128 791 2320 846 antea

209 883 508 949 delatum
570 893 648 947 ut
686 891 1128 968 praestaretur
1173 883 1255 947 ab
1303 882 1513 947 altera
1544 891 1729 968 parte
1765 885 2125 969 expetitum
2157 905 2316 948 esse.

203 985 298 1051 At
339 1007 552 1072 neque
596 985 726 1050 hoc
767 985 898 1049 nisi
943 996 1181 1048 temere
1226 994 1447 1070 potest
1489 985 1682 1071 fingi,
1728 1006 1939 1070 neque
1985 986 2157 1050 illud
2200 1008 2317 1072 op-

203 1090 390 1175 poni,
439 1087 614 1173 quod
661 1085 1022 1153 secundum
1067 1087 1237 1151 hanc
1279 1099 1570 1151 nostram
1618 1088 1993 1171 opinionem
2048 1089 2191 1152 illic
2236 1087 2317 1154 de

206 1191 682 1255 consuetudine
742 1190 964 1275 aliqua
1021 1200 1234 1254 actum
1295 1191 1382 1254 sit
1441 1191 1619 1252 omni
1675 1191 1915 1254 rationi
1970 1193 2316 1266 contraria,

209 1292 281 1356 id
327 1292 506 1379 quod
549 1291 906 1356 dummodo
957 1293 1088 1356 alia
1133 1293 1584 1378 interpretatio
1632 1290 1845 1367 detur,
1893 1292 2158 1356 omnino
2206 1315 2317 1358 ne-

209 1405 410 1481 queat
451 1395 669 1461 statui.
757 1393 1023 1458 Etenim
1080 1396 1292 1482 ipsam
1357 1394 1527 1458 hanc
1573 1393 2108 1460 consuetudinem
2155 1397 2319 1460 exti-

208 1499 372 1562 tisse
414 1497 616 1563 refert
657 1494 706 1562 J
719 1517 925 1562 ason
966 1498 1051 1562 lc.
1095 1497 1200 1561 ad.
1243 1497 1291 1560 l.
1337 1503 1416 1560 31
1465 1495 1553 1563 D.
1600 1496 1693 1562 ht.
1737 1495 1860 1562 fol.
1912 1503 2053 1563 100.
2097 1521 2160 1563 n.
2216 1505 2316 1562 81.

1185 1701 1238 1782 §-
1286 1705 1347 1762 5.

383 1831 691 1900 Attamen
742 1835 955 1900 nihilo
1014 1834 1230 1900 minus
1296 1856 1508 1922 nuper
1562 1837 2056 1921 pronuntiatum
2128 1849 2229 1904 est
2282 1861 2323 1904 a

209 1934 301 2000 W
321 1937 575 2001 etzell
609 1937 939 2024 (lc.p.177
961 1959 1025 2000 n.
1056 1941 1218 2020 35.):
1264 1939 1724 2024 probationem
1751 1962 1875 2025 pro
1907 1941 2323 2006 exoneranda

213 2039 614 2103 conscientia
687 2063 766 2104 ex
833 2039 982 2126 ipsa
1037 2041 1228 2104 istius
1281 2043 1517 2126 capitis
1588 2042 1839 2107 ratione
1905 2047 2212 2129 consequi
2236 2049 2321 2126 ¹),

211 2141 414 2205 immo
461 2137 649 2206 ICtis
694 2141 952 2206 Italicis
1010 2141 1215 2230 probe
1273 2143 1605 2228 cognitam
1660 2167 1700 2207 a
1746 2141 2087 2212 Saxonicis
2130 2143 2319 2214 ICtis

211 2243 284 2306 in
331 2241 751 2308 Germaniam
797 2243 1246 2308 tantummodo
1279 2245 1666 2308 translatam
1699 2267 1861 2310 esse.
1934 2243 2140 2312 Cuius
2172 2271 2321 2334 sen-

213 2345 457 2410 tentiae
517 2354 811 2412 auctores
855 2346 1086 2411 laudat
1142 2345 1200 2410 B
1219 2347 1582 2414 artolum
1644 2341 1840 2433 atque
1899 2347 1946 2415 J
1964 2372 2323 2429 aeonem,

213 2468 378 2532 quos
412 2451 946 2517 commemoravit
994 2447 1715 2525 Schneidewinus‚
1765 2451 1874 2530 (lc.
1893 2474 1956 2538 p.
1974 2459 2145 2534 747‚)
2177 2456 2319 2542 ipse

222 2549 486 2636 quidem
518 2552 686 2618 hanc
716 2553 1174 2640 probationem
1195 2576 1276 2619 ex
1307 2556 1631 2639 aequitate
1660 2576 1796 2618 non
1826 2576 1907 2619 ex
1935 2557 2075 2620 iure
2105 2558 2322 2642 ponti-

214 2650 360 2716 ficio
405 2660 627 2718 natam
666 2654 982 2721 iudicans.
1057 2655 1526 2737 Quaerendum
1567 2659 1789 2746 igitur,
1838 2681 2003 2745 quae
2047 2661 2323 2749 istorum

220 2766 558 2821 auctorum
606 2780 758 2823 vera
802 2758 890 2823 sit
933 2760 1274 2825 sententia.
2134 2746 2141 2752 ⁶

206 2962 513 3031 proposita,
541 2979 658 3015 cum
681 2962 762 3013 illc·
785 2962 934 3016 locus
951 2961 1022 3015 sit
1058 2962 1327 3014 duntaxat
1352 2962 1568 3031 quando
1596 2965 1660 3017 de
1683 2966 1983 3035 supplenda
2004 2969 2324 3035 probatione
2354 3022 2370 3043 ς

219 3048 403 3117 ayitur
423 3078 568 3088 -—
584 3075 644 3089 ··—
675 3046 820 3107 Quid
837 3065 960 3119 erqo
985 3049 1036 3100 si
1052 3048 1102 3100 is
1124 3046 1212 3100 cui
1235 3046 1482 3115 deffertur
1502 3049 1894 3119 iusiurandum,
1910 3054 2149 3121 probare
2172 3057 2325 3109 malit

217 3148 380 3201 quam
411 3134 634 3187 iurare!
700 3134 979 3205 Coyendus
1032 3141 1108 3187 est
1157 3132 1325 3187 nihilo
1377 3122 1555 3187 mistus
1602 3136 1787 3189 iurare
1822 3166 1888 3177 —
1924 3166 1992 3176 —
2028 3155 2123 3193 nec
2157 3150 2325 3195 movet

215 3236 314 3273 nos
349 3221 506 3289 qnod
526 3220 644 3273 iure
674 3220 950 3287 Pontificio
989 3235 1290 3287 expressum
1325 3228 1421 3285 est,
1458 3221 1813 3276 iuramentum
1839 3240 1947 3277 non
1970 3224 2183 3294 deferri
2215 3228 2325 3281 nisi

208 3305 626 3374 probationibus
651 3306 776 3359 aliis
807 3305 1169 3375 deficientibus
1201 3322 1246 3359 c.
1283 3304 1431 3374 2X.,
1471 3307 1569 3361 boc
1606 3309 1748 3363 enim
1782 3328 1959 3363 verum
2004 3320 2081 3365 est
2116 3322 2167 3365 et
2193 3331 2325 3383 pro-

225 3391 365 3443 cedit
403 3391 459 3445 in
495 3408 554 3445 eo
592 3392 686 3461 qui
733 3392 843 3443 iam
881 3390 1090 3459 aliquid
1103 3394 1360 3465 probavit
1397 3424 1459 3433 ——
1500 3424 1564 3433 —
1603 3412 1700 3449 nos
1740 3412 1861 3448 vero
1898 3396 1983 3449 bic
2021 3398 2227 3469 aqimus
2262 3400 2327 3453 cle

219 3492 294 3541 eo,
333 3475 425 3545 qui
457 3478 692 3529 nondum
717 3478 1007 3545 probavit,
1069 3482 1163 3532 sed
1189 3482 1429 3549 probare
1462 3487 1696 3548 paratus
1743 3482 1825 3533 vel
1870 3492 2090 3535 conatus
2126 3492 2219 3537 est.
2255 3514 2324 3523 —

217 3556 274 3612 J.
323 3558 396 3611 H.
451 3555 628 3631 Berg
643 3576 714 3615 er
738 3599 753 3628 ,
817 3562 1090 3632 supplem.
1145 3565 1214 3618 ad
1271 3564 1434 3619 elect.
1491 3565 1779 3634 disceptat.
1830 3567 1931 3619 for.
1990 3566 2141 3638 Lips.
2189 3566 2334 3626 1707‘

217 3645 419 3713 refert,
472 3653 668 3701 contra
703 3648 958 3717 quamvis
994 3652 1467 3719 praesumtionem
1503 3656 1560 3703 et
1593 3650 1984 3720 probationem
2018 3653 2127 3707 iam
2165 3654 2330 3708 abso-

217 3730 394 3785 lutam
429 3730 816 3789 iusiurandum
852 3750 1014 3805 posse
1051 3736 1274 3803 deferri,
1309 3752 1495 3805 neque
1518 3736 1857 3807 contrarium
1883 3754 2003 3793 esse
2028 3755 2151 3808 cap.
2184 3738 2327 3806 2X.‚

221 3817 373 3885 quod
403 3817 471 3871 de
507 3817 853 3888 suppletorio
891 3827 1025 3890 agat
1057 3836 1155 3873 -ε
1223 3828 1284 3873 at
1321 3827 1370 3873 et
1395 3838 1423 3873 e
1447 3828 1691 3874 contextu
1716 3822 1893 3891 liquet,
1932 3831 1981 3877 et
2015 3826 2328 3894 interpretes

205 3902 297 3954 ‘ad
331 3918 492 3955 unum
529 3919 704 3956 omnes
739 3903 932 3957 ibidem
969 3907 1265 3959 admonent.

357 3986 414 4053 1)
453 3984 685 4127 Sc‘i318icet
715 3988 863 4043 idem
904 3992 1134 4045 eandem
1169 3990 1443 4045 rationem
1498 3988 1607 4045 alio
1668 3988 1793 4045 loco
1830 3992 2031 4047 'docet'
2061 3992 2325 4051 incertam

225 4086 358 4127 esse.
392 4088 447 4143 p.
486 4072 517 4126 1
588 4111 602 4127 .
