2816 4704
1231 277 1314 339 29

226 467 375 510 men
416 445 637 532 rogari
659 465 860 530 posse
905 465 1074 516 eum,
1107 443 1218 527 qui
1250 445 1471 507 iurare
1499 443 1649 529 lege
1681 442 1920 508 vetitus
1966 443 2073 507 sit.
2118 441 2335 506 Immo

224 549 338 632 qui
384 545 839 613 iusiurandum
887 545 1120 618 defert,
1167 567 1302 610 non
1337 545 1408 608 id
1452 547 1619 630 agit,
1668 553 1743 609 ut
1784 545 1841 609 is
1888 543 1994 608 cui
2040 542 2335 608 defertur

225 650 429 722 iuret,
481 647 598 713 sed
661 669 736 712 eo
783 648 1060 712 consilio
1107 646 1351 720 defert,
1411 657 1487 710 ut
1537 645 1961 712 iurisiurandi
2017 645 2335 730 religione

226 761 442 814 motus
488 751 790 814 iniuriam
837 750 1244 821 confiteatur,
1293 757 1359 812 et
1402 750 1699 832 quamvis
1746 746 2339 812 solemnidelatio-

225 853 329 917 nis
387 851 676 916 formula
720 852 777 916 is
838 852 944 914 cui
991 849 1282 914 defertur
1325 851 1497 914 nihil
1540 851 1669 916 nisi
1732 851 1945 914 iurare
2012 848 2335 920 iubeatur,

224 956 372 1040 ipsa
415 963 634 1016 tamen
677 953 828 1038 lege
885 952 1044 1016 illae
1088 951 1441 1016 facultates
1477 953 1585 1018 vel
1643 950 1970 1016 referendi
2031 950 2138 1014 vel
2180 971 2339 1034 pro-

228 1055 606 1120 bationibus
679 1075 750 1120 se
819 1052 1213 1118 defendendi
1279 1055 1575 1140 integrae
1650 1055 1710 1118 ei
1782 1061 2143 1118 servantur.
2238 1049 2337 1115 Ne

229 1158 478 1222 maiore
524 1156 789 1241 quidem
832 1157 1086 1220 ratione
1133 1157 1482 1240 quisquam
1528 1155 1799 1228 dixerit,
1846 1165 1987 1218 tum
2032 1176 2178 1218 eum
2225 1156 2340 1238 qui

234 1257 447 1322 defert
505 1279 574 1322 se
631 1279 922 1341 unquam
975 1258 1340 1321 iuraturum
1401 1278 1543 1322 esse
1608 1278 1873 1342 sperare
1928 1277 2061 1320 non
2120 1277 2340 1342 posse,

233 1382 437 1445 quum
482 1361 564 1424 ab
611 1381 686 1422 eo
733 1360 837 1422 cui
901 1357 1193 1422 defertur
1251 1359 1505 1422 scilicet
1560 1359 1829 1442 periuro
1886 1358 2341 1422 iusiurandum

235 1462 470 1528 referri
513 1484 646 1525 non
689 1463 1140 1546 permittatur-3
1188 1459 1268 1524 de
1313 1460 1435 1523 hac
1466 1481 1726 1544 quoque
1772 1460 2153 1544 quaestione
2184 1469 2341 1524 tunc

230 1564 427 1628 modo
473 1565 583 1649 agi
628 1563 905 1646 poterit,
951 1584 1154 1646 quum
1195 1561 1611 1626 iureiurando
1670 1560 1892 1626 delato
1953 1563 2009 1626 is
2064 1563 2167 1626 cui
2226 1561 2339 1626 de-

231 1666 444 1730 fertur
485 1664 730 1729 referre
777 1687 862 1748 seo
893 1664 1095 1728 malle
1143 1663 1395 1728 dixerit.
1489 1661 1797 1727 Ceterum
1853 1675 1929 1727 ut
1971 1664 2027 1728 is
2074 1666 2180 1726 cui
2226 1665 2341 1727 de-

231 1767 445 1832 fertur
497 1788 649 1832 vere
695 1788 732 1828 a
789 1763 1130 1830 referendo
1186 1764 1635 1849 prohibendus
1696 1764 1899 1829 fuerit
1914 1810 1934 1839 ,
1994 1777 2213 1830 tamen
2268 1765 2337 1830 id

234 1870 446 1956 ipsius
491 1869 762 1934 arbitrio
827 1868 966 1932 eius
1013 1865 1124 1930 fiet
1175 1867 1290 1949 qui
1346 1865 1619 1939 detulit,
1682 1889 1891 1952 eoque
1943 1869 2089 1952 ipso
2163 1867 2341 1953 quod

235 1969 494 2044 detulit,
544 1971 774 2054 quavis
819 1967 1237 2032 iurisiurandi
1283 1977 1461 2031 sorte
1506 1991 1577 2032 se
1621 1979 1995 2034 contentum
2039 1971 2181 2034 fore
2227 1970 2341 2034 de-

231 2072 524 2138 claravit.
615 2072 968 2137 Praeterea
1014 2071 1176 2137 haec
1221 2069 1517 2132 doctrina
1562 2092 1641 2133 ex
1686 2093 1763 2134 ea
1798 2083 1955 2134 nata
1996 2081 2119 2145 est,
2166 2094 2335 2156 quae

236 2197 276 2238 a
305 2175 568 2260 periuro
601 2172 844 2238 deferri
863 2171 1324 2249 *iusiurandum
1355 2192 1495 2234 non
1520 2193 1719 2255 posse
1750 2171 2085 2236 contendit
2114 2195 2343 2258 quam?

237 2298 364 2362 que
408 2275 648 2340 falsam
697 2295 840 2339 esse
887 2296 1090 2360 supra.
1135 2274 1264 2337 iam
1309 2271 1917 2338 demonstravimus.
1962 2311 2045 2322 --

408 2380 564 2443 Alia.
631 2378 912 2462 denique
977 2377 1278 2441 doctrina
1337 2385 1517 2439 extat
1562 2398 1784 2441 eorum
1805 2421 1825 2450 ,
1886 2378 1999 2462 qui
2076 2378 2341 2465 legibus

239 2482 403 2567 ipsis
451 2480 676 2544 dicunt
716 2490 976 2543 cautum
1023 2500 1188 2551 esse,
1233 2498 1316 2541 ne
1347 2479 1517 2543 inter
1556 2479 1855 2562 periuros
1886 2480 2340 2546 iusiurandum

239 2582 591 2648 deferatur.
679 2580 880 2660 Quod
919 2580 1240 2644 Martin
1273 2617 1353 2627 --
1397 2578 1666 2664 Vorlsg.
1716 2580 1809 2645 ΙΙ.
1856 2587 2003 2647 261.
2032 2618 2119 2629 --
2148 2580 2343 2647 docet

241 2686 311 2747 in
355 2685 496 2749 iure
527 2682 876 2747 Pontificio
923 2682 1026 2745 his
1069 2680 1288 2746 verbis
1327 2680 1717 2765 praescribi:
1760 2685 1873 2766 qui
1909 2686 2093 2749 semel
2129 2688 2347 2769 periu-
2442 2692 2451 2715 ‘

241 2799 421 2853 ratus
440 2789 668 2871 fuerit,
710 2808 818 2849 nec
865 2785 948 2849 ad
977 2794 1431 2847 sacramentum
1475 2784 1724 2847 accedat
1752 2808 1859 2851 neo
1903 2787 1969 2847 in
2010 2810 2125 2847 sua
2157 2810 2345 2849 causa

239 2891 332 2953 vel
377 2890 640 2953 alterius
680 2892 926 2975 iurator
973 2888 1218 2951 existat.
1261 2920 1342 2931 --
1399 2881 1553 2962 Qua
1598 2904 1676 2947 ex
1719 2884 1871 2971 lege
1932 2886 2045 2968 qui
2090 2885 2345 2949 Martin
2374 2964 2388 2970 ·

241 2990 420 3054 istud
464 2998 882 3075 praeceptum
929 2985 1224 3049 derivare
1275 2986 1599 3068 potuerit,
1657 2985 1959 3069 equidem
2014 3008 2145 3053 non
2188 3009 2345 3074 pos-

243 3114 390 3157 sum
434 3092 827 3175 intelligere,
876 3109 1090 3171 neque
1134 3089 1278 3170 ipse
1325 3108 1469 3151 eam
1514 3088 1849 3153 notionem
1880 3091 2185 3174 persequi
2236 3111 2350 3153 au-

244 3214 356 3258 sus
401 3202 521 3266 est,
569 3212 698 3275 quo
744 3211 942 3275 quam
986 3189 1070 3251 sit
1113 3188 1402 3252 absurda
1448 3188 1587 3253 sine
1648 3186 1849 3255 dubio
1903 3192 2125 3258 statim
2172 3213 2351 3255 com-

243 3296 546 3382 perisset.

417 3394 862 3476 Quaecunque
918 3388 1116 3455 modo
1177 3389 1523 3457 doctorum
1594 3396 1932 3459 hominum
1998 3405 2351 3480 praecepta

249 3497 468 3569 attuli,
516 3519 592 3560 ea
631 3493 912 3561 vidimus
957 3493 1066 3557 vel
1110 3513 1186 3556 eo
1231 3493 1569 3569 laborare,
1616 3496 1793 3581 quod
1838 3497 1918 3561 ab
1963 3498 2205 3582 iniquis
2250 3519 2353 3562 ra-

249 3597 538 3663 tionibus
581 3595 882 3682 profecta
925 3604 1119 3668 sunt,
1178 3596 1286 3661 vel
1331 3618 1406 3660 eo
1454 3596 1629 3680 quod
1674 3598 2164 3685 angustioribus
2208 3597 2355 3661 fini-

249 3702 375 3767 bus
419 3710 726 3767 contenta
770 3698 1070 3785 singulas
1117 3707 1372 3761 tantum
1419 3720 1655 3764 causae
1702 3701 2201 3765 constitutiones
2248 3722 2353 3763 ce-

255 3804 410 3867 teris
458 3802 718 3867 omissis
750 3811 1064 3883 spectant.
1152 3798 1288 3865 Nec
1319 3809 1541 3865 tamen
1580 3801 1739 3867 haec
1772 3822 1997 3865 eorum
2026 3801 2172 3864 sola
2202 3811 2357 3867 sunt

261 3908 456 3979 vitia,
513 3903 629 3967 sed
684 3900 858 3965 illud
913 3901 1373 3987 gravissimum
1446 3903 1853 3987 maximeque
1912 3903 2354 3988 perspicuum,

264 4006 442 4091 quod
487 4004 944 4069 iusiurandum
1005 4002 1431 4071 deferendum
1486 4028 1631 4070 cum
1687 4003 2081 4090 praestando
2130 4007 2356 4071 confu-

2476 411 2507 434 Α
