2816 4704
1498 189 1574 248 ¹2

477 355 1036 420 commemorandi
1079 364 1252 430 sunt,
1299 363 1518 420 tamen
1580 373 1663 418 ne
1724 352 1923 417 hodie
1981 351 2245 436 quidem
2300 349 2368 414 id
2432 371 2587 414 con·-

478 469 636 533 stat,
685 481 879 545 quam
924 461 1195 545 periurii
1239 461 1575 524 notionem
1620 480 1691 523 re
1734 478 1887 523 vera
1920 454 2236 520 Carolina
2266 455 2584 520 statuerit.

482 561 761 628 Accedit
806 584 1086 648 quoque,
1135 562 1313 647 quod
1355 564 1465 627 lex
1510 560 1702 634 adsit,
1750 583 1880 647 qua
1906 560 2171 646 periuro
2204 558 2451 633 iterum,
2484 559 2585 622 iu·-

476 687 620 730 rare
665 667 1083 750 permittatur
1101 671 1182 748 1).

1479 961 1606 1058 II.

1447 1220 1499 1302 ς.
1553 1224 1615 1280 4.

648 1415 794 1479 Iam
855 1415 939 1479 ad
999 1437 1136 1479 eam
1197 1413 1617 1480 iurisiurandi
1662 1413 2061 1478 delationem
2106 1432 2211 1475 me
2234 1407 2583 1476 ''eonvertm

478 1539 644 1602 quae
687 1517 988 1583 hodierni
1031 1519 1188 1583 iuris
1223 1528 1342 1582 est.
1430 1519 1509 1581 In
1556 1541 1683 1602 quo
1730 1541 1931 1604 quum
1986 1519 2091 1581 cui
2132 1515 2584 1581 iusiurandum

481 1619 769 1683 delatum
817 1630 938 1695 est,
985 1623 1045 1686 ei
1091 1630 1222 1686 tres
1263 1623 1403 1686 viae
1433 1631 1724 1705 pateant,
1765 1645 1899 1686 una
1929 1629 2003 1684 ut
2032 1621 2329 1705 accipiat,
2376 1619 2585 1683 altera

475 1731 552 1786 ut
611 1723 888 1798 referat,
951 1726 1144 1789 tertia
1189 1735 1264 1788 ut
1305 1726 1759 1810 probationem
1804 1747 1925 1809 pro
1969 1723 2385 1788 exoneranda
2428 1743 2584 1786 con-

479 1827 750 1889 scientia
812 1829 1049 1913 eligat,
1106 1829 1360 1912 priores
1420 1827 1585 1892 duae
1644 1828 1726 1892 ad
1784 1837 2072 1892 nostram
2130 1824 2585 1912 quaestionem

481 1929 650 1992 nihil
707 1931 858 1992 novi
905 1931 1198 1994 afferunt.
1234 1969 1314 1977 —-—
1359 1932 1564 2015 Atqui
1609 1930 1688 1994 de
1719 1932 1929 2004 tertia,
1973 1931 2087 2015 qui
2116 1951 2275 1994 usus
2308 1928 2583 1994 diversis

481 2032 886 2116 temporibus
932 2032 1250 2097 valuisset
1281 2041 1347 2097 et
1392 2032 1941 2117 quemadmodum
1992 2041 2279 2097 mutatus
2320 2032 2585 2117 paulla-

475 2133 595 2197 tim
643 2144 707 2197 et
753 2135 1050 2198 excultus
1099 2144 1305 2207 esset,
1351 2145 1691 2220 tantopere
1738 2134 2107 2200 dubitatum
2154 2143 2284 2208 est,
2338 2142 2413 2197 ut
2448 2155 2584 2197 non

475 2236 830 2322 possimus,
879 2239 1224 2320 quominus
1274 2239 1637 2302 accuratius
1684 2240 1755 2302 in
1782 2238 1951 2300 hanc
1981 2260 2117 2301 rem
2150 2238 2577 2322 inquiramus.

483 2337 700 2419 Quam
745 2339 1199 2424 probationem
1249 2340 1549 2425 equidem
1593 2342 1663 2404 in
1706 2341 1844 2406 iure
1880 2337 2200 2405 Saxonico
2234 2340 2477 2403 cultam
2508 2360 2585 2403 ac

476 2442 840 2527 perfectam
889 2465 1030 2507 esse
1094 2466 1350 2508 censeo.
1438 2444 1541 2507 Ea
1596 2454 1813 2508 tamen
1872 2444 2197 2507 sententia
2239 2452 2583 2527 tantopere

474 2553 730 2631 pugnat
771 2566 920 2607 cum
967 2545 1260 2609 doctrina
1319 2546 1610 2633 vulgari,
1674 2556 1748 2610 ut
1799 2546 2063 2632 planius
2111 2543 2475 2627 explicetur
2519 2551 2585 2606 et

480 2646 886 2710 documentis
950 2646 1256 2712 dilucidis
1311 2648 1797 2712 demonstretur
1855 2667 2119 2712 necesse
2170 2647 2273 2710 sit.
2361 2644 2583 2723 Quare

477 2748 764 2813 diversas
812 2747 892 2811 de
924 2770 997 2813 ea
1027 2772 1098 2811 re
1131 2750 1487 2814 sententias
1520 2749 1904 2837 diligentius
1937 2746 2332 2833 perscrutari
2361 2746 2577 2808 liceat.

647 2851 746 2917 Ac
788 2851 1072 2935 primum
1125 2851 1390 2936 quidem
1441 2851 1590 2915 falli
1644 2874 1755 2917 eos
1801 2853 1913 2937 qui
1956 2850 2411 2937 probationem
2454 2868 2574 2931 pro

477 2951 888 3017 exoneranda
951 2951 1349 3019 conscientia
1412 2956 1541 3019 iam
1604 2954 1919 3018 Romanis
1981 2952 2312 3039 cognitam
2374 2949 2580 3015 fuisse

473 3261 577 3317 343
603 3279 655 3317 n.
685 3260 764 3316 15.
787 3259 1175 3330 -Koenig,
1204 3259 1468 3313 Praktika
1493 3263 1547 3317 d.
1566 3260 1724 3315 Proz.
1752 3278 1806 3313 u.
1836 3258 1966 3315 Ger.
1991 3261 2207 3315 Leufflze
2229 3290 2295 3301 ——
2323 3260 2459 3315 1550
2482 3260 2579 3313 sol.

474 3347 560 3407 50,
583 3363 636 3398 n.
657 3346 708 3400 4.
739 3381 802 3389 —
831 3346 885 3399 H
906 3346 1097 3418 eigiu
1115 3362 1170 3414 s,
1194 3361 1389 3399 comm.
1415 3346 1473 3398 in
1498 3347 1624 3399 inst.
1648 3363 1764 3401 cur.
1799 3346 2010 3401 Person
2033 3345 2279 3415 Witebg.
2328 3346 2481 3401 1603.
2521 3362 2579 3417 p.

475 3431 653 3487 45412.
685 3431 768 3484 22.
807 3462 874 3471 -
910 3431 1343 3485 Rothschitz
1380 3448 1533 3501 proc.
1572 3432 1674 3485 iur.
1714 3431 1863 3503 Lips.
1907 3431 2056 3487 1623.
2096 3430 2189 3485 sol.
2226 3430 2311 3497 46,
2348 3449 2403 3483 n.
2441 3430 2577 3485 5.-

476 3517 712 3572 Anton
749 3516 998 3583 Per-ez,
1047 3517 1086 3571 l.
1126 3535 1170 3571 c.
1207 3536 1258 3587 p.
1297 3516 1419 3581 250,
1455 3535 1511 3575 n.
1549 3517 1631 3572 35.

612 3619 669 3686 1)
703 3620 950 3673 Auctore
975 3616 1049 3672 St
1063 3618 1218 3689 ripp
1237 3619 1537 3684 elmann‚
1574 3621 1698 3686 (der
1730 3618 2053 3673 christliche
2076 3618 2197 3673 Eid.
2221 3618 2417 3673 Kassel
2445 3618 2581 3674 1855

469 3706 620 3762 -57,
657 3704 730 3759 11.
771 3704 916 3771 192.)
950 3706 1068 3758 iure
1101 3704 1395 3759 Borussico
1423 3705 1701 3771 statuitur,
1741 3706 1786 3760 si
1824 3705 2004 3759 altera
2026 3722 2157 3775 pars
2185 3704 2469 3775 periurum
2505 3706 2577 3759 ad

470 3792 841 3845 iuramentum
877 3789 1123 3844 delatum
1161 3791 1298 3845 velit
1334 3790 1659 3859 admittere,
1698 3790 1756 3845 id
1793 3792 2209 3845 concedendum
2246 3804 2403 3858 esse,
2440 3804 2577 3859 quo-

471 3876 616 3931 niam
637 3876 892 3947 legitima
913 3874 1171 3946 probatio
1199 3876 1272 3931 sit
1308 3875 1691 3930 iusiurandum
1708 3875 1967 3946 partique
1978 3874 2160 3929 ubivis
2185 3876 2479 3944 patefacta.
2503 3877 2575 3929 cf.

476 3960 807 4027 Wetzell,
845 3961 1060 4031 System
1097 3962 1152 4019 d.
1192 3960 1493 4031 Civilproc.
1528 3960 1574 4017 Ι.
1610 3976 1664 4032 p.
1702 3960 1820 4025 161,
1862 3977 1915 4019 n.
1958 3959 2039 4019 18.

632 4644 991 4661 ψω,
1274 4642 1305 4645 ,
2294 4668 2327 4677 Δ
2458 4544 2799 4704 „4

1880 4702 1889 4704 ,
2038 4692 2169 4704 n„
