2816 4704
1506 271 1592 334 n

493 431 942 506 deficientibus
989 435 1250 504 demum
1289 435 1441 505 aliis
1470 439 1975 526 probationibus
2006 435 2095 504 ad
2122 437 2608 526 suppletorium

488 545 751 607 recurri.
825 541 1354 629 Deprobatione
1385 542 1803 608 iureiurando
1845 541 2223 628 praebenda
2265 543 2437 607 nihil
2468 544 2609 632 agi-.-

489 653 628 719 tur,
675 643 793 709 sed
837 643 920 709 de
961 644 1090 710 fide
1135 646 1382 722 solum,
1430 667 1599 731 quae
1628 645 2125 732 probationibus
2154 655 2429 733 propter
2470 653 2609 712 ius-

490 747 840 812 iurandum
883 747 1179 812 habetur.

542 868 546 872 ’
663 867 918 932 Eadem
963 875 1184 932 tamen
1224 868 1337 932 lex
1383 866 1715 954 quodnam
1770 867 2225 932 iusiurandum
2268 867 2606 954 respiciat,

491 969 788 1034 auctores
833 991 968 1034 non
1012 972 1433 1034 consentiunt
1444 993 1462 1048 3
1526 971 1642 1036 alii
1700 971 1784 1036 ad
1828 972 2196 1035 iuramenta
2238 970 2608 1036 necessaria

493 1093 637 1136 eam
678 1073 950 1137 trahunt
972 1077 1030 1156 ¹)
1047 1118 1068 1148 ,
1129 1073 1246 1138 alii
1289 1073 1372 1138 ad
1432 1073 1574 1138 litis
1619 1073 2008 1138 decisorium
2030 1078 2114 1155 ²),
2162 1073 2279 1136 alii
2322 1072 2607 1158 denique

495 1174 578 1240 ad
622 1175 1078 1240 iusiurandum
1119 1175 1484 1240 calumniae
1505 1180 1585 1257 ⁸).
1674 1175 1920 1242 Verum
1962 1176 2031 1239 in
2062 1197 2137 1240 eo
2168 1177 2603 1253 consentiunt,

489 1275 660 1342 hanc
703 1277 1025 1343 duntaxat
1071 1280 1518 1364 quaestionem
1551 1280 1839 1353 tractari,
1882 1301 2041 1342 num
2074 1280 2186 1364 qui
2211 1279 2415 1364 plene
2442 1299 2603 1365 pro-

490 1378 763 1455 baverit,
811 1380 893 1444 ad
938 1381 1286 1447 iurandum
1331 1381 1647 1466 compelli
1690 1381 1905 1467 possit
1922 1385 2007 1462 ⁴),
2052 1381 2253 1445 immo
2290 1381 2603 1446 nonnulli

491 1493 897 1568 quaerentes,
938 1492 1160 1547 utrum
1189 1482 1584 1569 probaturus
1623 1483 2093 1548 iusiurandum'
2112 1503 2413 1548 recusare
2443 1503 2607 1569 pos-

491 1585 599 1660 sit,
646 1607 768 1650 nec
809 1608 914 1660 ne,
960 1585 1180 1652 verbis
1227 1585 1490 1651 disertis
1534 1585 1911 1662 ostendunt,
1944 1595 2143 1671 caput
2171 1585 2344 1650 illud
2374 1605 2609 1650 secun-

491 1685 648 1752 dum
691 1687 821 1753 huc
863 1687 1083 1752 afferri
1125 1709 1259 1751 non
1300 1710 1523 1774 posse,
1570 1689 1881 1776 quoniam
1925 1689 2069 1754 illic
2112 1687 2194 1752 de
2226 1709 2304 1753 eo
2337 1695 2598 1752 tantum

497 1801 751 1877 agatur,
799 1791 910 1876 qui
957 1791 1087 1854 iam
1129 1791 1509 1875 probaverit
1530 1795 1613 1871 ⁵).

663 1908 792 1973 His
878 1907 1178 1995 equidem
1260 1911 1595 1975 consentio
1668 1932 1880 1996 neque
1950 1909 2161 1974 habeo
2236 1927 2352 1972 cur
2424 1906 2605 1986 „hac

496 2011 648 2100 lege
708 2012 777 2074 in
835 2011 1159 2098 singulari
1216 2010 1498 2095 quadam
1554 2033 1751 2077 causa
1808 2033 1951 2078 eam
2004 2010 2459 2098 probationem
2520 2009 2604 2074 ab

629 2266 688 2332 1)
719 2264 1116 2334 Dur-andes,
1170 2283 1319 2337 spec.
1373 2266 1479 2320 iur.
1521 2265 1672 2321 Basil
1708 2265 1859 2320 1574.
1897 2283 1951 2336 p.
1986 2264 2103 2320 741.
2143 2295 2209 2304 -
2249 2263 2601 2320 Gonzalez

490 2349 766 2415 Tenea,
802 2350 873 2403 ad
897 2350 1163 2407 decretal.
1191 2349 1366 2406 Frcft.
1394 2351 1545 2406 1690.
1578 2352 1648 2407 ad
1684 2352 1737 2408 h.
1778 2370 1825 2406 c.
1859 2382 1925 2393 —-
1964 2349 2312 2421 Carpzov,
2350 2351 2459 2405 def.
2494 2352 2597 2406 sor.

490 2435 664 2489 Frcft.
701 2434 850 2488 1663.
890 2435 996 2490 def.
1033 2436 1118 2489 21.
1141 2468 1211 2477 —
1236 2438 1280 2493 Β
1295 2438 1408 2491 arb
1426 2454 1457 2491 o
1474 2454 1497 2491 s
1516 2456 1575 2507 a,
1610 2438 1857 2493 thesaur.
1892 2437 1975 2489 ed.
2002 2434 2271 2491 R'osener.
2291 2435 2443 2507 Lips.
2463 2434 2599 2490 1719

487 2540 538 2575 v.
577 2520 961 2575 iusiurandum
998 2527 1088 2575 n0.
1122 2522 1206 2578 41.
1612 2527 1617 2530 ’

621 2624 681 2693 2)
719 2622 760 2677 Ρ
777 2625 1231 2679 anormitanu
1247 2642 1271 2678 s
1287 2662 1302 2691 ‚
1325 2624 1364 2678 1.
1383 2641 1430 2678 c.
1456 2624 1551 2678 fol.
1574 2623 1626 2678 4.
1654 2624 1737 2679 Ut
1760 2623 1811 2677 ei
1836 2623 2150 2693 quaestioni
2166 2624 2599 2694 responderent:

487 2716 694 2777 utrum,
731 2709 780 2763 si
813 2709 960 2763 nihil
995 2712 1294 2780 probatum
1331 2709 1435 2778 sit,
1471 2709 1854 2763 iusiurandum
1899 2710 2103 2763 deferri
2150 2716 2341 2780 posset
2374 2726 2479 2763 nec
2506 2724 2597 2777 nc,

487 2792 609 2848 ICti
644 2792 905 2849 Saxonici
941 2796 1048 2851 hac
1082 2795 1210 2866 lege
1245 2795 1331 2850 usi
1368 2802 1514 2861 sunt,
1552 2795 1698 2849 sicut
1732 2794 2263 2863 Schneidewin,
2300 2811 2497 2851 comm.
2538 2795 2597 2849 in

485 2880 662 2938 instit.
697 2881 918 2953 Argent
955 2880 1090 2935 1610
1125 2898 1178 2951 p.
1215 2880 1318 2935 '236
1351 2896 1433 2951 sq.
1481 2910 1549 2921 --
1594 2879 1891 2945 Faciam,
1945 2880 1987 2937 l.
2013 2898 2061 2937 c.
2100 2879 2171 2935 Π.
2206 2880 2273 2938 47
2308 2898 2365 2935 n.
2400 2879 2470 2935 41
2506 2882 2595 2949 sq.

493 2966 538 3024 I.
577 2966 647 3022 41
679 2984 736 3025 n.
773 2965 822 3019 2.
857 2995 928 3007 -
963 2964 1307 3037 carpzov,
1343 2966 1383 3021 1.
1408 2982 1455 3021 c.
1492 2968 1599 3023 def.
1636 2967 1722 3022 21.
1757 2964 1845 3019 29.

632 3070 692 3137 3)
735 3069 1092 3125 Gonzalez
1128 3070 1419 3137 Tellez,
1453 3070 1491 3123 l.
1528 3086 1577 3123 c.
1612 3087 1666 3141 p.
1703 3069 1823 3123 336.

621 3170 680 3237 4)
717 3172 784 3223 cf.
823 3175 1076 3242 (praeter
1111 3172 1224 3226 iam
1260 3170 1481 3237 citatos)
1523 3199 1588 3210 —
1628 3168 1969 3223 Bar-tolus
2006 3184 2147 3223 com.
2187 3166 2227 3226 i.
2266 3168 2387 3223 cod.
2425 3168 2597 3223 Basil.

486 3256 640 3311 1562.
675 3272 731 3326 p.
769 3255 888 3310 572.
922 3284 994 3295 -
1041 3256 1306 3310 Baldus
1362 3254 1616 3310 Ubald.
1672 3254 1923 3310 Perus.
1975 3254 2033 3309 in
2087 3254 2349 3308 decretal.
2394 3252 2598 3308 Venet.

487 3340 636 3397 1580.
674 3342 772 3395 fol.
809 3341 928 3395 200.
964 3370 1031 3382 -
1067 3340 1319 3397 Petrus
1370 3343 1449 3396 de
1486 3341 1881 3411 Feri-ariis,
1932 3341 2038 3395 lib.
2074 3341 2178 3394 for.
2218 3338 2400 3410 Lugd.
2438 3338 2591 3395 1549.

477 3444 539 3499 .p.
577 3426 798 3505 1015-—
831 3426 1073 3503 Jason.
1109 3426 1328 3497 Mayn.
1354 3426 1746 3485 Mediolan.
1786 3444 1925 3481 com.
1950 3426 2133 3497 Lugd.
2171 3424 2323 3481 1582.
2361 3424 2457 3479 fol.
2495 3424 2597 3478 124

481 3530 538 3569 n.
577 3512 624 3567 7.
679 3546 745 3555 -
793 3511 1082 3567 Duaren
1125 3513 1244 3573 Lc.
1288 3527 1335 3568 c.
1387 3511 1440 3566 6.
1489 3529 1544 3584 p.
1592 3511 1713 3567 207.
1761 3542 1829 3553 --
1875 3511 2251 3580 Ouinius,
2300 3528 2391 3583 op.
2447 3526 2593 3566 omn.

483 3596 666 3670 Neap.
705 3596 856 3652 1722.
891 3597 990 3652 VI.
1029 3614 1084 3669 p.
1119 3597 1238 3653 843.

620 3700 679 3769 5)
713 3698 806 3753 Sic
829 3698 881 3751 D
898 3716 1206 3755 narenus
1232 3699 1293 3768 (1.
1304 3716 1352 3753 c.
1364 3717 1421 3771 p.
1435 3698 1581 3767 207.)
1603 3698 1765 3753 Jllud·
1786 3716 1917 3753 sane
1924 3698 2193 3770 fatemur,
2218 3698 2421 3769 inquit,
2454 3700 2597 3769 quod

484 3787 601 3841 iure
647 3786 930 3855 Pontificio
967 3802 1270 3856 expressum
1311 3794 1388 3839 est
1424 3786 1459 3838 l.
1494 3784 1530 3838 2
1566 3787 1631 3839 de
1658 3786 1815 3855 prob.
1860 3802 1977 3838 eum
2010 3785 2101 3855 qui
2146 3786 2257 3839 iam
2289 3784 2596 3853 probaverit

489 3874 632 3945 quod
665 3872 1000 3939 intendebat,
1052 3872 1236 3927 iurare
1269 3889 1376 3926 non
1414 3872 1560 3941 οοςὶ,
1604 3872 1698 3924 sed
1731 3886 1829 3923 nos
1862 3872 1929 3923 de
1964 3888 2041 3938 eo,
2080 3870 2171 3939 qm'
2206 3872 2441 3925 nondum
2465 3886 2595 3941 pro-

485 3958 632 4011 bavit
668 3960 764 4012 sed
796 3956 1030 4028 probare
1057 3964 1298 4027 paratus
1333 3964 1427 4021 est,
1468 3956 1553 4009 hic
1588 3955 1916 4011 disserimus.
1955 3981 2021 3996 ⁴—-
2056 3954 2296 4010 Anton
2340 3954 2431 4010 Pe
2454 3972 2593 4021 roz,

483 4043 522 4100 1.
537 4060 583 4097 c.
598 4059 650 4112 p.
665 4042 870 4097 218n·.
895 4043 991 4097 21:
1011 4042 1160 4098 Nam
1176 4043 1533 4097 necessarium
1552 4042 1760 4112 deferri
1778 4060 1885 4097 non
1896 4049 2085 4111 potest,
2105 4041 2595 4111 nullaprobatt'one
