2816 4704
1255 277 1335 338 35

235 443 634 528 Plerumque
697 443 930 529 elapso
981 451 1280 528 tempore
1335 442 1836 529 probationibus
1881 441 2035 506 dato
2082 450 2149 504 et
2192 444 2347 527 quia

233 545 600 610 iuramenta
641 546 772 610 nisi
806 545 1094 616 'subsidii
1137 547 1286 610 loeo
1333 546 1652 632 praestari
1696 566 1837 608 non
1876 545 2123 618 solent,
2177 569 2343 631 quae

230 669 386 732 pars
432 646 760 714 delatione
801 649 1058 738 privata
1101 657 1222 722 eet,
1271 671 1347 713 ea
1391 651 1589 714 cauea
1632 645 1820 712 cadit.
1898 644 1972 711 Si
2020 669 2171 711 vero
2203 657 2343 713 tum

232 749 516 824 demum,
562 775 762 836 quum
808 750 1260 816 iusiurandum
1305 752 1435 814 iam
1480 759 1817 836 acceptum
1858 759 1995 822 eet,
2044 751 2183 814 eius
2230 752 2341 834 qui

233 853 485 939 aocepit
525 854 886 938 periurium
929 865 1358 938 compertum,
1405 854 1511 918 vel
1556 854 1612 917 ei
1656 853 1918 938 periuro
1960 851 2041 916 ab
2093 873 2168 916 eo
2230 852 2345 936 qui

232 953 304 1018 id
347 955 673 1042 ignoravit
700 957 984 1022 relatum
1014 955 1232 1030 fuerit,
1265 966 1494 1020 contra
1526 955 1846 1021 eiusmodi
1878 953 2341 1018 detrimentum

229 1058 300 1122 in
343 1058 840 1143 probationibus
885 1060 1026 1124 eine
1069 1059 1268 1144 culpa
1312 1060 1588 1124 allatum
1631 1077 1784 1146 pars
1830 1061 1969 1124 iure
2000 1080 2120 1126 suo
2151 1059 2340 1122 resti-

227 1161 551 1230 tutionem
597 1162 998 1249 implorabit.
1047 1199 1132 1213 --

1206 1439 1386 1538 ΙΙΙ.

1179 1647 1230 1730 ς.
1297 1654 1391 1708 11.

384 1783 510 1846 Ita.
573 1793 925 1869 postquam
999 1784 1450 1870 quaestionem
1508 1793 1801 1850 nostram
1879 1783 2043 1849 mihi
2114 1783 2343 1850 videor

233 1885 646 1972 profligasse,
691 1885 774 1951 de
817 1889 1050 1952 ceteris
1094 1888 1477 1954 iuramentis
1523 1897 1828 1974 superest
1890 1899 1965 1952 ut
2018 1889 2343 1952 nonnulla

232 1987 609 2075 adiungam.
698 1989 782 2053 In
827 1990 1066 2074 quibus
1111 1992 1372 2057 brevior
1420 2010 1561 2057 cese
1606 2013 1899 2078 possum,
1944 1992 2096 2077 quia
2124 2013 2338 2076 neque

231 2090 316 2158 ad
359 2103 656 2156 nostrum
701 2095 1117 2178 propositum
1161 2093 1414 2158 faciunt
1459 2103 1523 2158 et
1566 2095 1831 2158 omnino
1864 2093 2124 2158 ‘leviora
2170 2103 2341 2158 eunt.

403 2193 508 2259 De
553 2195 970 2260 iureiurando
1019 2196 1386 2262 necessario
1434 2194 1610 2280 apud
1654 2216 1881 2259 omnes
1924 2203 2181 2260 constat
2208 2216 2343 2258 non

231 2319 266 2363 e
312 2298 458 2363 sola
499 2297 891 2383 probatione
953 2298 1154 2365 iudici
1217 2319 1359 2365 esee
1403 2297 1821 2363 statuendum
1868 2299 1972 2363 cui
2016 2299 2341 2365 iusiuran-

231 2401 386 2465 dum
447 2400 696 2485 imponi
755 2400 1005 2466 debeat.
1097 2400 1376 2466 Maximi
1440 2424 1597 2465 sane
1650 2400 1963 2485 ponderis
2019 2402 2179 2467 fides
2224 2412 2338 2467 est.

228 2503 463 2588 Itaque
509 2504 748 2588 quibus
780 2504 848 2567 in
887 2505 1152 2590 periuro
1184 2505 1439 2590 regulis
1472 2502 1668 2569 iudex
1700 2505 1796 2567 uti
1828 2502 2080 2577 debeat,
2114 2526 2340 2589 quam-

229 2627 428 2690 quam
475 2627 510 2669 e
553 2606 700 2670 sola
743 2608 1070 2692 aequitate
1114 2606 1392 2691 pendet,
1442 2614 1659 2671 tamen
1702 2605 1880 2670 haud
1926 2605 2197 2671 difficile
2244 2616 2342 2671 est

228 2708 620 2797 perspicere.
702 2706 872 2772 Nam
945 2710 1002 2773 si
1079 2710 1264 2774 cuiue
1332 2710 1635 2796 probatio
1697 2718 1795 2773 est
1853 2710 2214 2793 periurium
2280 2709 2337 2773 is

229 2811 588 2884 commisit,
647 2810 1089 2897 quaerendum
1135 2812 1286 2886 erit,
1349 2811 1432 2876 de
1479 2834 1609 2897 qua
1652 2809 2076 2875 iurisiurandi
2120 2832 2340 2875 necee-

229 2915 387 2979 sarii
433 2915 651 2999 specie
695 2922 960 3001 agatur3
1007 2914 1064 2979 ei
1109 2913 1190 2979 de
1235 2914 1681 2999 suppletorio:
1730 2913 1925 2977 iudex
1966 2911 2339 2978 adversario

229 3019 686 3106 purgatorium
746 3019 1080 3104 imponere
1137 3040 1270 3082 non
1325 3018 1681 3095 dubitabit,
1745 3039 1897 3080 nam
1957 3018 2025 3079 in
2090 3017 2337 3081 maiore

227 3122 442 3187 minus
501 3122 704 3197 inest3
773 3122 830 3188 si
898 3120 978 3187 de
1041 3122 1425 3209 purgatorio
1490 3121 1737 3207 agitur,
1802 3119 1971 3183 nihil
2040 3120 2337 3208 impedit,

229 3224 576 3310 quominus
639 3224 1048 3303 adversarius
1109 3226 1323 3290 iurare
1385 3234 1501 3289 aut
1558 3224 1852 3291 confiteri
1915 3233 2206 3312 cogatur.
2252 3262 2337 3271 ——

233 3325 486 3393 Contra
530 3328 586 3392 ei
634 3326 1042 3393 adversarius
1088 3330 1386 3414 periurus
1435 3339 1571 3403 eet,
1614 3327 1697 3393 ad
1742 3328 2225 3414 suppletorium
2270 3326 2340 3390 id

231 3430 402 3496 nihil
457 3428 653 3504 facit,
711 3431 1084 3518 purgatorii
1157 3440 1374 3496 autern
1446 3427 1756 3497 beneficio
1816 3434 1872 3495 ie
1930 3432 2042 3515 qui
2099 3437 2339 3515 probat

232 3534 465 3599 merito
509 3533 830 3619 privatur,
878 3554 1079 3617 quum
1124 3532 1248 3597 hoc
1292 3532 1741 3598 iusiurandum
1787 3542 1925 3596 tum
1968 3554 2083 3597 reo
2116 3520 2340 3616 'impo-

229 3658 382 3703 nere
426 3636 635 3723 iniqui
679 3634 914 3699 iudicis
960 3634 1064 3700 eit.
1111 3672 1188 3683 -—
1251 3634 1324 3700 Si
1383 3636 1665 3721 denique
1722 3646 1992 3720 uterque
2036 3634 2339 3720 periurus

230 3741 336 3815 sit,
389 3740 470 3805 ab
515 3735 933 3803 iureiurando
979 3739 1345 3803 necessario
1395 3760 1676 3824 aequum
1722 3737 1847 3801 erit
1889 3736 2171 3800 iudicem
2202 3758 2339 3799 om-

227 3845 384 3909 nino
427 3830 736 3908 recederex
772 3838 1212 3927 damnumque
1245 3840 1396 3905 inde
1446 3849 1663 3905 ortum
1702 3839 2015 3926 probanti
2045 3838 2335 3904 attribui.

399 3944 676 4010 Restant
729 3944 1088 4009 nonnullae
1161 3944 1507 4009 iuramenti
1562 3943 1845 4030 species,
1916 3964 2191 4026 quarum
2246 3942 2331 4007 ad

227 4055 437 4113 totam
481 4047 669 4113 litem
711 4045 1060 4113 finiendam
1101 4068 1300 4133 quum
1345 4045 1573 4111 nullus
1616 4046 1704 4113 sit
1744 4068 1929 4119 usus,
1974 4054 2195 4111 tamen
2255 4045 2335 4113 iis

1769 4164 1930 4222 ,3,
