2816 4704
1475 171 1558 229 24

1428 335 1477 416 ξ.
1527 340 1587 397 7.

628 435 979 509 Germani,
1045 437 1157 520 qui
1203 437 1455 500 strenui
1500 435 1735 498 animis
1783 431 2039 506 Deum,
2098 430 2252 495 dum
2312 432 2381 495 in
2438 433 2565 495 hu-

457 541 665 602 manis
719 538 968 602 viribus
1029 539 1347 601 auxilium
1395 548 1601 610 esset,
1659 536 2013 620 implorare
2058 533 2395 606 nolebant,
2444 555 2566 618 op-

455 656 803 725 portunam
851 641 978 705 sibi
1025 642 1220 703 istam
1259 641 1737 703 recusationem
1793 638 2173 722 contingere
2218 636 2564 721 putabant,

457 766 586 828 qua
629 744 932 807 latiorem
979 743 1485 806 iuramentorum
1530 764 1719 806 usum
1751 748 2137 804 coercerent.
2214 738 2573 803 Praeterea

459 868 654 929 quum
719 854 900 906 actor
956 864 1030 908 eo
1097 844 1407 907 beneficio
1456 842 1815 915 frueretur,
1862 851 1935 904 ut
1985 837 2437 904 iusiurandum
2483 862 2570 902 an

455 946 912 1029 probationem
943 946 1175 1008 mallet
1203 947 1346 1029 ipse
1390 947 1684 1032 eligeret,
1717 946 2010 1029 iniquum
2040 942 2399 1016 videbatur,
2432 943 2570 1006 ius-

459 1046 801 1109 iurandum
849 1047 904 1110 si
951 1047 1068 1110 ille
1116 1048 1447 1131 elegisset,
1492 1069 1675 1110 reum
1724 1046 1886 1109 adeo
1933 1046 2439 1130 constringi,ut
2484 1066 2566 1108 ne

458 1151 764 1212 contrarii
813 1149 1076 1234 quidem
1123 1150 1423 1234 probatio
1474 1151 1532 1211 ei
1576 1158 1848 1232 pateret.
1924 1147 2123 1210 Paria
2167 1146 2254 1209 ad
2310 1155 2564 1209 utrum·

461 1274 588 1335 que
646 1251 1016 1326 commoda,
1083 1274 1159 1314 ea
1217 1274 1389 1336 quae
1457 1252 1652 1315 rebus
1710 1251 1781 1312 fit
1835 1250 2224 1334 probatione
2282 1256 2571 1331 recepta,

460 1353 788 1418 debebant
831 1352 1230 1426 redundare,
1279 1355 1498 1436 itaque
1544 1355 1803 1437 utrique
1860 1351 2366 1424 concedebatur,
2412 1360 2567 1412 utra

459 1456 565 1518 via
613 1453 938 1517 Saxonica
1001 1478 1084 1516 an
1128 1455 1425 1517 Romana
1468 1455 1567 1517 uti
1614 1454 1816 1516 vellet
1861 1476 1979 1518 sua
2021 1454 2358 1517 voluntate
2390 1451 2568 1515 deci-

465 1555 639 1618 dere.
727 1555 973 1622 Verum
1031 1557 1305 1619 electam
1350 1557 1753 1641 viam-sequi
1802 1556 2117 1631 debebat;
2179 1556 2350 1619 sicut
2394 1556 2570 1618 enim

460 1660 664 1722 actori
709 1668 857 1721 ante
902 1667 1328 1722 contestatam
1387 1658 1574 1722 litem
1637 1658 1901 1744 quidem
1945 1658 2218 1736 licebat,
2270 1668 2420 1721 utra
2464 1658 2571 1720 via

462 1761 882 1824 iureiurando
944 1783 1026 1822 an
1080 1761 1472 1844 probatione
1518 1783 1710 1846 agere
1755 1760 1958 1825 ,vellet
2003 1760 2278 1846 eligere,
2334 1770 2573 1844 postea

463 1883 613 1925 vero
673 1863 990 1925 electione
1038 1861 1224 1925 facta
1270 1862 1421 1925 inde
1465 1862 1767 1926 recedere
1812 1883 1944 1925 non
1987 1863 2411 1945 poterat;‚ita
2452 1884 2570 1924 reo

463 1985 722 2050 quoque
766 1965 904 2026 litis
948 1964 1272 2048 principio
1321 1964 1565 2027 licebat
1609 1964 2029 2027 constituere:
2091 1973 2307 2026 utrum
2352 1965 2571 2026 iurare

461 2067 686 2139 vellet,
734 2088 816 2128 an
859 2065 1276 2129 iureiurando
1324 2075 1625 2130 recusato
1684 2066 2187 2151 probationibus
2230 2087 2300 2130 se
2348 2066 2575 2130 defen-

467 2167 636 2231 dere.
722 2165 927 2252 Atqui
989 2167 1110 2230 hac
1162 2167 1509 2232 recusandi
1554 2167 1899 2242 facultate,
1961 2190 2089 2258 qua
2134 2169 2345 2232 maius
2392 2191 2574 2232 com-

465 2269 729 2332 modum
775 2291 886 2332 reo
935 2270 1209 2333 allatum
1259 2291 1399 2333 esse
1447 2293 1637 2334 nemo
1682 2269 1879 2334 facile
1926 2269 2119 2343 dicet,
2166 2292 2296 2356 quo
2330 2271 2571 2334 melius

462 2373 560 2434 uti
605 2384 864 2457 posset,
909 2394 1172 2436 necesse
1220 2384 1358 2436 erat
1417 2374 1650 2446 caveri,
1696 2384 1771 2435 ut
1814 2372 2265 2437 iusiurandum
2309 2396 2573 2440 recusa-—

465 2474 644 2536 tione
690 2472 867 2535 facta
911 2495 991 2537 ne
1035 2496 1306 2557 prorsus
1352 2474 1641 2550 caderet3
1700 2474 1877 2558 quod
1922 2476 2216 2560 quamvis
2279 2485 2456 2539 recte
2504 2486 2573 2539 et

465 2575 604 2638 sine
650 2575 885 2636 damno
944 2574 1083 2637 fieri
1128 2587 1374 2659 posset,
1440 2576 1553 2638 ubi
1615 2576 1783 2639 sicut
1828 2576 1894 2638 in
1939 2576 2086 2639 foro
2135 2588 2569 2640 mercatorum

464 2676 729 2760 quaevis
797 2678 1094 2760 quaestio
1162 2699 1240 2740 ex
1307 2676 1575 2739 arbitrio
1644 2677 1801 2741 boni
1884 2678 2005 2741 viri
2071 2678 2567 2751 discerneretur,

464 2800 773 2865 magnum
835 2790 1045 2842 tamen
1104 2777 1472 2862 periculum
1530 2779 1625 2842 ibi
1683 2781 2032 2853 afferebat,
2088 2780 2204 2844 ubi
2260 2781 2563 2867 litigandi

464 2879 696 2945 modus
761 2882 953 2945 certis
1030 2882 1280 2967 regulis
1345 2880 1696 2947 adstrictus
1774 2892 1890 2945 est.
1994 2881 2212 2961 Quam
2280 2882 2363 2946 ob
2430 2905 2568 2947 rem

467 2992 699 3068 postea
740 2995 816 3047 ut
859 2994 1069 3047 totum
1115 2985 1216 3048 ius
1261 2983 1633 3048 Romanum
1678 2992 2010 3067 receptum
2076 2985 2245 3048 hanc
2306 3008 2566 3069 quoque

460 3085 804 3148 recusandi
863 3085 1246 3148 facultatem
1311 3084 1391 3148 ab
1450 3085 1640 3147 Italis
1690 3094 2020 3171 acceptam
2065 3088 2194 3149 iuri
2240 3084 2565 3151 Saxonico

463 3186 557 3248 ita
599 3184 916 3269 praeferri
961 3186 1282 3259 sinebant,
1329 3196 1404 3249 ut
1448 3187 1726 3251 subsidii
1772 3189 1917 3252 loco
1965 3189 2163 3252 etiam
2207 3191 2310 3251 ius
2358 3187 2570 3254 Saxo-

465 3287 683 3349 nicum
747 3286 991 3350 valeret
1048 3287 1595 3372 litigantibusque
1655 3288 1919 3353 daretur
1972 3313 2011 3352 a
2053 3291 2443 3375 probatione
2489 3291 2572 3355 ad

465 3388 901 3451 iuramentum
955 3387 1298 3475 refugere,
1360 3390 1418 3451 si
1474 3390 1542 3451 in
1610 3391 1755 3475 ipsa
1821 3393 2211 3475 probatione
2265 3404 2572 3481 suscepta

353 3511 375 3527 ·
465 3489 915 3553 iusiurandum
973 3491 1100 3553 sibi
1168 3502 1627 3556 reservassent.
1732 3494 1801 3556 Is
1864 3516 2015 3557 vero
2070 3517 2229 3560 usus
2287 3497 2570 3561 forensis

465 3600 696 3676 postea
755 3592 906 3677 lege
964 3592 1251 3655 sancitus
1313 3603 1441 3666 est,
1502 3596 1963 3660 constitutione
2020 3597 2355 3663 electorali
2400 3621 2571 3663 anno

474 3698 641 3756 1572
680 3693 1097 3780 promulgata
1121 3696 1203 3773 l).

607 3829 662 3896 1)
705 3827 747 3881 C
767 3828 992 3883 onstit
1010 3828 1212 3881 ution
1249 3844 1295 3881 e.
1319 3827 1359 3880 1.
1385 3828 1432 3881 I.
1459 3828 1528 3882 14
1551 3828 1621 3896 (C
1639 3848 1907 3901 arpzov
1944 3834 2049 3887 def.
2073 3834 2165 3888 cit.
2190 3851 2247 3903 p.
2284 3833 2412 3903 120)
2447 3852 2571 3889 ver-

468 3913 576 3967 bis:
631 3944 748 3984 ‚‚—
771 3944 839 3956 —-·
859 3944 930 3955 -
964 3915 1037 3966 da
1073 3930 1130 3965 er
1163 3912 1330 3981 qleich
1365 3930 1463 3967 zur
1514 3913 1825 3986 Vertretunq
1865 3920 2035 3973 seines
2080 3919 2372 3974 Gewissens
2411 3921 2563 3975 keine
