2816 4704
247 1727 626 1830 Quaerenti
672 1757 854 1831 mihi,
899 1780 1056 1821 num
1104 1765 1167 1822 et
1197 1767 1516 1842 quatenus
1562 1759 1851 1842 periurio
1884 1762 2229 1824 commisso
2277 1763 2345 1824 in

245 1862 662 1928 iureiurando
711 1863 850 1927 litis
919 1861 1238 1926 decisorio
1299 1863 1507 1948 ipsius
1566 1864 1812 1948 periuri
1852 1873 2139 1928 mutetur
2190 1887 2345 1930 con-

245 1966 433 2040 ditio,
468 1968 680 2031 evenit
707 1975 803 2039 ut,
849 1989 1049 2052 quum
1097 1964 1481 2052 diligentius
1530 1987 1695 2050 quae
1738 1967 1823 2030 sit
1869 1967 1965 2030 vis
1998 1969 2344 2033 iuramenti

244 2091 319 2133 ac
348 2079 582 2133 natura
613 2070 1029 2154 inquirerem,
1079 2091 1116 2132 a
1161 2069 1490 2131 communi
1536 2069 1845 2154 opinione
1888 2071 2088 2155 plane
2136 2070 2343 2137 disce-

243 2171 483 2237 dere'm.
529 2169 844 2256 Oportuit
887 2172 1090 2256 igitur
1133 2170 1213 2233 ad
1247 2171 1572 2234 cunabula
1602 2181 1676 2233 ut
1718 2172 1811 2234 ita
1858 2171 2066 2235 dicam
2110 2175 2206 2238 rei
2238 2199 2342 2240 me

239 2273 452 2339 redire
510 2275 850 2361 primaque
910 2274 1048 2337 eius
1108 2274 1386 2360 vestigia
1444 2271 1795 2361 indagare,
1856 2295 2067 2360 neque
2124 2285 2341 2341 tamen

241 2378 418 2463 quod
448 2378 865 2463 propositum
911 2376 1070 2440 mihi
1099 2376 1422 2441 habebam
1466 2378 1765 2440 omittere
1798 2377 1998 2439 volui.
2086 2376 2230 2442 Hac
2262 2379 2343 2444 de

241 2501 438 2545 causa
502 2502 701 2565 quum
745 2480 970 2565 plures
1029 2479 1443 2563 quaestiones
1503 2480 1571 2541 in
1630 2500 1831 2541 unum
1888 2492 2345 2545 concurrerent

242 2582 692 2667 eaeque'tanti
737 2582 951 2644 oneris
999 2590 1344 2665 tantaeque
1385 2580 1854 2665 amplitudinis,
1900 2604 2067 2665 quae
2110 2604 2230 2667 per
2273 2605 2343 2648 se

241 2684 642 2770 singularem
694 2682 1220 2747 dissertationem
1267 2684 1525 2769 exigere
1558 2682 1918 2756 videantur,
1964 2705 2098 2747 non
2128 2686 2339 2767 potui,

243 2786 402 2871 quin
433 2787 500 2848 in
542 2783 928 2870 quibusdam
961 2785 1182 2857 rebUS,
1227 2784 1533 2848 nimirum
1563 2786 1769 2856 novis,
1811 2785 2078 2871 longior
2108 2808 2339 2858 essem,

241 2897 468 2952 contra
513 2889 580 2951 in
625 2888 774 2951 aliis
819 2888 1111 2960 brevior,
1169 2908 1364 2971 quam
1411 2888 1515 2951 vel
1573 2889 1715 2973 ipse
1758 2908 2085 2973 cuperem.
2195 2887 2343 2951 Hoc

235 3011 382 3054 cum
413 2989 784 3056 evitandum
818 3009 960 3053 esse
989 2990 1314 3075 putarem,
1363 2986 1813 3073 quaestionem
1860 2988 1940 3053 de
1974 2991 2339 3052 iuramento

240 3094 482 3179 aptiori
511 3093 658 3156 loco
692 3091 1074 3157 servandam
1107 3092 1483 3164 arbitratus,
1525 3089 1722 3153 hodie
1754 3090 1835 3153 de
1876 3091 2145 3175 periuro
2178 3090 2343 3153 dun-

238 3206 418 3261 taxat
463 3196 798 3261 disseram.
889 3193 1315 3279 Disquirendi
1376 3203 1589 3257 autem
1630 3192 1800 3255 ratio
1853 3214 1931 3257 ea
1972 3204 2343 3278 opportuna

241 3301 406 3365 mihi
449 3300 586 3364 visa
619 3307 752 3371 est,
833 3305 907 3359 ut
961 3298 1178 3380 primo
1225 3294 1510 3359 fontium
1556 3296 1879 3360 sententia
1925 3318 2000 3360 ac
2046 3298 2341 3362 doctrina

235 3403 598 3489 praem-issa
629 3398 787 3485 quid
818 3398 1014 3463 hodie
1046 3400 1206 3462 iuris
1237 3398 1324 3461 sit
1368 3399 1649 3485 singulis
1683 3400 2176 3483 quaestionibus
2208 3400 2341 3464 dis-

236 3503 474 3591 positis
521 3502 884 3567 accuratius
911 3501 1254 3585 explicem,
1299 3500 1535 3565 deinde
1582 3500 1661 3565 de
1698 3501 1931 3565 ceteris
1963 3502 2339 3565 iuramentis

240 3605 607 3671 assertoriis
677 3602 991 3688 quaedam
1061 3602 1434 3689 adiungam.
1534 3602 1683 3665 Hoc
1740 3602 1831 3666 ita
1892 3601 2341 3689 peragendum

237 3709 486 3794 putavi,
535 3719 602 3768 ut
641 3706 926 3790 primum
970 3706 1130 3769 iuris
1163 3702 1559 3780 Germanici,
1608 3704 1838 3770 deinde
1870 3706 2031 3769 iuris
2061 3704 2341 3768 Romani

242 3810 320 3875 de
367 3832 444 3875 ea
485 3832 555 3874 re
603 3817 951 3893 praecepta
996 3829 1336 3893 exponam,
1385 3806 1666 3893 denique
1710 3806 1871 3891 quid
1914 3809 1982 3871 in
2028 3810 2167 3872 iure
2212 3805 2341 3871 Ca-

239 3912 474 3979 nonico
535 3910 640 3976 vel
696 3909 1030 3984 additum,
1093 3911 1196 3974 vel
1253 3920 1610 3983 mutatum,
1669 3910 1776 3976 vel
1822 3909 2181 3973 accuratius
2231 3909 2339 3975 de-

242 4016 568 4103 scriptum·
607 4015 696 4079 sit
737 4034 946 4099 usque
992 4011 1077 4075 ad
1117 4022 1416 4079 nostrum
1463 4022 1721 4100 tempus
1765 4032 2143 4100 persequar.

2793 455 2794 460 „
2786 281 2795 420 ⁶4,n
2786 191 2795 268 ,ὧι
2770 45 2795 179 naman„
2752 0 2794 32 ,A
