2816 4704
982 997 1563 1100 INDEX.

1171 1201 1372 1212 --—-—---

1248 1325 1304 1389 Ι.

232 1453 274 1498 1.
311 1444 624 1498 Disseritur
657 1445 728 1498 de
764 1444 1019 1498 doctrina
1055 1444 1190 1498 iuris
1227 1444 1576 1504 Germanici.
1654 1483 1667 1498 .
1740 1487 1753 1502 .
1826 1486 1839 1500 .
1910 1449 1957 1516 5.
2002 1453 2045 1500 1.
2092 1462 2220 1517 pag.
2294 1450 2325 1499 6

227 1538 276 1584 2.
314 1531 400 1586 De
437 1529 558 1584 iure
595 1528 848 1615 Romanu
875 1567 1837 1589 ............
1912 1535 1960 1602 5.
1999 1539 2047 1588 2.
2119 1572 2155 1600 „
2296 1538 2323 1585 7

228 1623 275 1670 3.
313 1617 398 1670 De
435 1616 555 1688 iure
592 1615 873 1671 canonico
959 1653 1842 1674 ...........
1893 1621 1962 1688 ,5.
2002 1625 2051 1672 3.
2123 1657 2156 1687 ‚,
2264 1623 2327 1672 10

1228 1738 1323 1802 ΙΙ.

230 1867 274 1911 1.
313 1857 712 1914 Probationem
747 1875 851 1927 pro
889 1858 1246 1913 exoneranda
1268 1855 1613 1916 conscientia
1634 1859 1702 1914 ab
1729 1862 1851 1916 iure

361 1944 640 1998 Saxonico
679 1943 962 1999 excultam
999 1943 1264 1998 statuitur
1310 1981 1846 2000 .......
1917 1947 1965 2014 5.
2001 1951 2050 2000 4.
2122 1983 2155 2015 ,,
2266 1953 2325 2002 12

227 2039 274 2085 2.
314 2029 596 2086 Wetzellii
633 2033 704 2086 de
741 2033 844 2084 hac
883 2031 1206 2099 quaestione
1242 2031 1497 2086 doctrina
1534 2033 1808 2086 refutatur
1836 2071 1848 2084 .
1918 2035 1963 2101 5.
2002 2037 2051 2086 δ.
2124 2069 2158 2100 ‚,
2272 2039 2328 2087 15

229 2125 276 2172 3.
318 2117 525 2188 Opinio
563 2117 856 2188 proposita
901 2115 1217 2170 defenditur
1311 2155 1756 2172 ......
1830 2119 1877 2186 5.
1918 2125 1965 2173 6.
2004 2125 2052 2172 7.
2124 2158 2158 2187 ,,
2266 2125 2327 2174 19

225 2209 274 2257 4.
309 2203 481 2258 Falso
517 2203 805 2274 prohiberi
841 2201 1127 2272 periurum
1174 2203 1244 2256 ab
1291 2203 1652 2258 iureiurando
1702 2203 1854 2259 dese-

363 2290 538 2344 rendo
576 2291 988 2343 demonstratur
1057 2326 1840 2344 ..........
1910 2291 1957 2359 5.
1996 2295 2047 2345 8.
2118 2328 2151 2359 „
2263 2296 2327 2345 26

226 2382 277 2433 5.
312 2377 399 2431 De
438 2375 636 2431 effectu
675 2372 1034 2431 iurisiurandi
1071 2377 1218 2432 inter
1241 2378 1497 2447 periuros
1523 2375 1698 2430 delati
1734 2374 1854 2447 opi-

361 2464 554 2517 niones
591 2463 864 2532 quaedam
899 2470 1258 2517 recensentur
1310 2492 1842 2517 .......
1915 2464 1961 2532 5.
2001 2469 2049 2522 9.
2124 2503 2157 2533 ,,
2263 2470 2331 2519 30

229 2554 276 2605 6.
317 2548 464 2604 Vera
500 2548 777 2604 sententia
813 2549 1127 2619 explicatur
1147 2584 1851 2603 .........
1888 2552 1934 2619 5.
1976 2554 2054 2605 10.
2123 2586 2157 2617 ,,
2264 2555 2328 2605 83

1252 2670 1385 2733 ΙΠ.

226 2790 312 2845 De
360 2790 586 2861 periuro
645 2790 704 2845 in
780 2788 980 2845 ceteris
1039 2788 1366 2844 iuramentis
1426 2789 1697 2859 quaedam
1754 2788 1853 2843 ad-

361 2876 571 2930 duntur
591 2912 1825 2931 ...............
1892 2874 1939 2941 5.
1978 2877 2058 2926 11.
2127 2910 2161 2940 „
2266 2877 2330 2929 35

491 2973 508 2979 “
637 2979 688 3019 ο

2264 3614 2299 3649 ο
