2816 4704
1261 264 1304 322 9

231 449 380 493 esse
425 430 738 492 momenti
781 427 980 492 facile
1023 438 1300 514 apparet
1317 433 1401 512 ¹),
1448 430 1757 514 quoniam
1804 431 1915 514 qui
1960 427 2173 493 defert
2200 431 2345 515 ipsa.

236 530 589 596 adversarii
635 532 1031 596 conscientia
1077 555 1146 596 se
1191 542 1570 598 contentum
1616 553 1763 596 esse
1819 531 2129 596 declarat.
2216 532 2343 597 Ne-

235 655 366 718 que
412 635 624 719 magis
671 635 812 697 eius
853 635 970 720 qui
1015 633 1228 698 defert
1271 635 1635 720 periurium
1685 633 2169 720 respiciendum
2216 644 2341 707 est,

235 736 351 800 ubi
398 733 824 800 iurisiurandi
865 736 1104 799 relatio
1151 737 1302 824 lege
1345 738 1473 800 iam
1530 748 1631 802 est
1674 736 2029 822 prohibita.

408 838 628 902 Aliter
671 859 776 902 res
823 859 892 902 se
938 838 1172 912 habet,
1221 861 1423 923 quum
1470 841 1537 902 in
1596 839 1839 904 iudicio
1887 837 2342 904 iusiurandum

237 939 550 1005 defertur.
633 940 718 1003 In
763 961 894 1024 quo
939 962 1140 1025 quum
1191 941 1429 1020 „iudici
1458 941 1973 1028 fiat²'probatio“,
2020 942 2150 1005 iam
2182 964 2343 1027 qua·-

235 1051 429 1108 tenus
475 1042 892 1106 iureiurando
937 1044 1254 1128 praestito
1299 1042 1380 1108 de
1426 1043 1603 1108 facto
1668 1044 1891 1128 aliquo
1953 1043 2155 1108 iudici
2196 1067 2346 1130 per·-

236 1144 608 1217 suadeatur,
655 1146 938 1232 singulis
985 1145 1148 1210 locis
1205 1147 1330 1211 erit
1393 1147 1847 1210 definiendum.
1946 1146 2053 1210 De
2110 1148 2345 1212 effectu

239 1247 524 1333 quodam
569 1247 858 1322 formali,
907 1248 1076 1313 sicut
1114 1251 1181 1312 in
1231 1251 1402 1322 iure,
1461 1251 1530 1312 in
1573 1249 1817 1314 iudicio
1874 1251 2155 1336 cogitari
2210 1271 2343 1314 nou

235 1361 478 1436 potest.
586 1350 1034 1435 Quaecunque
1094 1352 1222 1415 fuit
1249 1343 1477 1417 'causa
1534 1352 1992 1421 iurisiurandi.
2068 1354 2205 1418 sive
2260 1351 2341 1418 ab

239 1458 552 1521 alterutra
595 1455 794 1541 parte,
827 1455 962 1518 sive
1008 1455 1091 1520 ab
1139 1455 1355 1520 iudice
1401 1454 1694 1520 delatum
1744 1465 1882 1530 est,
1940 1457 2115 1520 nihil
2158 1456 2342 1521 aliud

237 1560 365 1625 nisi
411 1557 664 1624 fontem
707 1556 1003 1642 praebet,
1048 1557 1221 1621 unde
1277 1558 1472 1622 iudex
1519 1557 1599 1622 de
1630 1559 1854 1644 aliqua
1908 1581 1976 1622 re
2023 1561 2150 1624 sibi
2195 1582 2345 1645 per-

239 1660 515 1726 suadere
557 1663 793 1746 possit.
880 1661 1108 1746 Neque
1153 1660 1372 1725 iurans
1420 1661 1758 1746 postulare
1818 1671 2069 1746 potest,
2126 1672 2200 1726 ut
2243 1685 2345 1727 se-

239 1762 524 1828 cundum
591 1765 1028 1830 iuramentum
1093 1761 1346 1828 feratur
1412 1765 1769 1838 sententia,
1846 1766 2141 1849 quamvis
2211 1786 2346 1829 non

238 1887 470 1953 negem
517 1867 799 1932 iudicem
845 1866 1116 1932 solitum
1147 1887 1290 1930 esse
1321 1865 1772 1930 iusiurandum
1808 1867 1991 1952 sequi
2017 1873 2099 1948 ²),
2146 1890 2183 1929 a
2215 1889 2343 1951 quo

237 1969 539 2036 recedere
585 1971 712 2036 nisi
754 1972 1119 2057 graviorem
1169 1970 1251 2036 ob
1313 1990 1577 2034 causam
1642 1971 1702 2034 ei
1748 1991 1878 2032 non
1933 1969 2215 2043 licuerit,
2262 2009 2346 2018 «-

237 2095 450 2158 neque
496 2073 840 2137 iuramenti
885 2073 1094 2136 maior
1129 2095 1324 2164 quam
1387 2082 1752 2136 ceterorum
1812 2083 2343 2163 argumentorum

243 2176 342 2240 vis
389 2185 510 2248 est,
561 2197 746 2260 quae,
793 2175 1189 2259 simulatque
1234 2175 1421 2238 novis
1472 2173 1879 2238 documentis
1925 2174 2126 2238 iudici
2168 2197 2348 2240 com-

235 2279 588 2363 probatum
657 2278 782 2342 erit
849 2299 984 2342 non
1057 2275 1328 2364 dignum
1406 2276 1613 2341 fuisse
1676 2275 1805 2341 fide
1870 2277 2344 2355 iusiurandum,

237 2382 462 2445 statim
520 2382 702 2444 irrita
778 2380 909 2447 fiet.
1031 2378 1228 2459 Quod
1286 2380 1496 2465 magis
1566 2381 1763 2445 etiam
1826 2379 1995 2443 effici
2054 2382 2343 2465 periurio

237 2484 519 2569 probato
565 2484 726 2547 satis
771 2482 1190 2567 perspicuum
1239 2490 1356 2546 est.

323 2584 570 2649 Iisdem
613 2584 692 2649 de
739 2585 952 2648 causis
1010 2582 1427 2647 iureiurando
1476 2605 1693 2647 coram
1738 2582 1949 2649 iudice
1993 2584 2073 2649 ab
2121 2582 2349 2648 adver-

237 2688 410 2751 sario
459 2686 678 2767 delato
727 2688 934 2751 altera
977 2706 1131 2771 pars
1176 2707 1311 2749 non
1355 2684 1551 2749 debet
1596 2684 1724 2750 sibi
1770 2706 2121 2758 assumere,
2169 2685 2347 2770 quod

238 2790 652 2855 adversarius
696 2790 998 2875 periurus
1044 2788 1152 2859 sit,
1199 2810 1398 2871 quum
1445 2788 1765 2873 singulari
1810 2810 1885 2851 ac
1930 2797 2107 2851 certa
2150 2808 2346 2851 causa

237 2914 353 2956 cur
395 2891 846 2955 iusiurandum
892 2900 1149 2955 recuset
1193 2891 1461 2954 omnino
1508 2912 1637 2953 non
1672 2900 1882 2976 egeat,
1930 2890 2084 2976 quia
2130 2888 2214 2952 ad
2242 2912 2347 2953 ac-

241 2992 612 3073 cipiendum
659 2993 766 3057 vel
809 2992 1226 3059 referendum
1270 3014 1404 3055 non
1450 2991 1866 3077 compellitur
1886 2998 1966 3074 ³).
2052 2992 2133 3055 In
2178 2992 2351 3056 iure-

243 3094 522 3161 iurando
570 3117 722 3159 vero
769 3096 851 3159 ab
902 3094 1115 3159 iudice
1162 3094 1421 3167 delam,
1470 3094 1725 3157 etiamsi
1783 3094 1983 3157 iudici
2040 3115 2185 3158 eum
2245 3093 2349 3157 cui

241 3200 456 3263 iurare
503 3199 899 3262 concesserit
940 3198 1274 3281 periurum
1321 3218 1465 3262 esse
1494 3197 1847 3281 probatum
1877 3195 2097 3270 fuerit,
2130 3204 2349 3261 tamen
2381 3234 2389 3242 ·

239 3321 378 3365 non
442 3300 592 3375 erit,
653 3321 770 3363 cur
824 3298 1240 3364 iureiurando
1297 3299 1415 3363 ille
1458 3300 1791 3384 privetur3
1866 3320 2071 3383 neque
2131 3307 2349 3369 tamen

239 3403 298 3466 si
336 3404 772 3466 iuramentum
819 3400 1165 3485 prohibere
1211 3398 1415 3469 iudex
1440 3401 1750 3475 noluerit,
1798 3400 2109 3463 maiorem
2155 3400 2349 3465 fidem

241 3506 364 3569 tali
409 3506 774 3569 iuramento
821 3504 949 3567 nisi
993 3503 1123 3569 levi
1168 3503 1236 3566 in
1282 3524 1479 3567 causa
1524 3503 1807 3567 tribuere
1851 3504 2111 3588 poterit.

379 3692 443 3760 1)
469 3690 529 3743 Si
566 3689 883 3745 adversario
917 3696 1110 3743 notum
1149 3689 1280 3755 iuit3
1321 3688 1574 3758 alioquin
1612 3689 1681 3743 de
1720 3705 1909 3743 errore
1947 3692 2225 3761 agendum
2248 3696 2349 3743 est.

375 3776 430 3841 2)
479 3775 573 3829 Sic
612 3774 827 3829 Gaius
863 3776 920 3829 in
956 3776 993 3828 1.
1028 3775 1095 3829 31
1133 3774 1204 3830 D.
1241 3774 1350 3828 ht.t
1385 3804 1452 3813 —
1490 3773 1657 3827 solent
1694 3791 1866 3842 saepe,
1907 3773 2170 3844 inquit,
2207 3774 2347 3827 iudi-

238 3878 324 3915 ces
359 3862 644 3917 secundum
681 3878 796 3913 eum
834 3862 1104 3924 iudicare,
1154 3859 1245 3929 qui
1280 3859 1562 3913 iuraverit.

377 3948 435 4013 3)
479 3947 727 4000 Alteram
785 3945 1140 4001 sententiam:
1203 3944 1439 3999 iudicem
1476 3960 1677 4015 cogere
1725 3960 1891 4015 posse
1929 3942 2183 4013 sequitur
2226 3941 2347 3999 Sa-

237 4032 487 4102 vigny‚
523 4030 739 4101 System
775 4030 899 4085 VH.
937 4048 990 4104 p.
1025 4030 1108 4085 81.
