2816 4704
1476 237 1515 295 8

449 426 614 491 quae
673 402 831 488 quid
889 401 1017 466 sibi
1077 402 1238 466 velit
1279 403 1561 466 maxime
1606 401 1963 467 dubitatur.
2063 400 2240 465 Mihi
2284 401 2549 486 quidem

450 529 529 572 ex
573 507 878 570 universa
935 503 1106 590 legis
1160 503 1384 568 indole
1447 505 1571 568 hoc
1627 503 1882 569 videtur
1940 503 2215 589 colligi:
2260 503 2552 568 voluisse

449 609 715 695 quidem
770 609 1222 694 imperatorem
1291 605 1704 672 Christianae
1762 607 2093 670 doctrinae
2166 604 2245 670 de
2313 605 2553 670 iureiu-

447 712 655 776 rando
701 719 1050 796 praecepta
1093 692 1299 795 sequi,
1349 718 1634 773 attamen
1693 731 1827 773 non
1884 709 2348 790 obtinuisse1).

625 814 720 877 At
764 834 914 876 vero
961 813 1087 875 iuri
1117 813 1457 896 praetorio·
1480 810 1655 874 haud
1686 820 2194 884 consentaneum
2240 820 2380 874 erat
2407 810 2553 876 ubi-

448 919 546 1004 vis
591 915 865 979 alteram
911 924 1162 1000 partem
1212 935 1470 1000 cogere,
1516 923 1591 976 ut
1622 923 1734 977 aut
1773 915 2038 987 iuraret,
2088 922 2201 976 aut
2227 913 2554 977 iuramen-

448 1030 588 1083 tum
656 1015 950 1082 referret.
1067 1017 1358 1096 Namque
1411 1018 1479 1079 in
1539 1025 1680 1082 toto
1744 1017 1882 1081 iure
1938 1016 2205 1079 omnino
2251 1017 2550 1100 iniquum

451 1131 568 1195 est,
614 1121 744 1184 nisi
789 1120 1054 1206 singula
1097 1121 1190 1185 rei
1235 1127 1941 1204 momentaperspecta
1980 1119 2113 1181 sint
2154 1118 2315 1182 iuris
2360 1139 2554 1204 regu-

447 1225 586 1287 lam
628 1222 954 1308 perficere.
1044 1221 1246 1300 Quod
1274 1232 1539 1307 praetor
1580 1231 1655 1285 ut
1700 1223 2102 1296 conciliaret,
2148 1223 2344 1287 modo
2386 1226 2557 1289 rela-

451 1327 696 1390 tionem
741 1325 1104 1413 denegavit,
1163 1325 1361 1390 modo
1436 1325 1835 1390 delationem
1904 1328 2295 1412 praeclusit,
2356 1328 2553 1393 modo

451 1427 732 1514 denique
779 1428 1144 1493 calumniae
1190 1429 1623 1493 iuramentum
1669 1451 1801 1493 non
1847 1432 2168 1495 concessit
2190 1435 2266 1512 2).
2326 1431 2556 1516 Neque

457 1532 524 1594 in
572 1554 647 1596 eo
694 1531 1086 1595 haerendum
1137 1539 1257 1604 est,
1305 1530 1481 1616 quod
1525 1531 1693 1594 hano
1752 1532 2047 1618 regulam
2092 1555 2414 1618 nusquam
2458 1535 2557 1596 in·-

455 1635 752 1699 venimus
815 1635 1054 1698 diserte
1119 1636 1516 1720 expositam:
1582 1633 1827 1698 sufficit
1880 1635 2331 1719 compluribus
2387 1637 2554 1702 locis

460 1759 603 1801 eam
649 1739 806 1802 satis
851 1739 1138 1822 probari.
1190 1776 1268 1784 -—
1313 1737 1551 1821 Itaque
1598 1739 1654 1802 si
1698 1759 1894 1801 causa
1937 1739 2257 1802 eiusmodi
2303 1748 2437 1812 est,
2482 1748 2560 1803 ut

454 1841 749 1924 iniquum
799 1838 1099 1903 videatur
1144 1842 1527 1904 alterutram
1570 1849 1827 1924 partem
1873 1842 2017 1926 cogi
2060 1863 2098 1902 a
2126 1849 2451 1926 praetore,
2501 1842 2557 1906 is

455 1944 560 2005 cui
612 1943 1045 2006 iuramentum
1115 1942 1406 2008 defertur
1470 1963 1768 2008 recusare
1832 1941 1901 2004 id
1945 1953 2165 2028 potest
2230 1944 2559 2029 simulque

450 2046 814 2131 postulare,
853 2055 925 2108 ut
969 2044 1210 2108 iudicio
1259 2068 1337 2109 ex
1370 2043 1597 2108 ordine
1644 2045 1958 2108 instructo
1991 2047 2075 2111 lis
2108 2047 2365 2134 integra
2407 2069 2558 2134 per-

455 2157 692 2235 agatur
709 2151 758 2229 ⁸)

625 2250 858 2315 Talem
903 2249 1248 2314 recusandi
1295 2271 1557 2314 causam
1604 2250 1816 2314 adhuc
1860 2258 2021 2334 puto
2069 2259 2307 2325 extare,
2356 2273 2557 2336 quum

455 2377 492 2417 a
534 2356 798 2439 periuro
845 2355 1272 2419 iuramentum
1316 2354 1641 2429 defertur..
1714 2352 1879 2417 Nam
1927 2377 2127 2439 quum
2172 2355 2251 2427 is,
2300 2355 2403 2417 cui
2446 2355 2558 2418 de-

451 2458 658 2520 latum
704 2467 825 2531 est,
873 2458 1169 2541 alioquin
1213 2478 1473 2541 semper
1517 2480 1591 2520 ea
1634 2458 1784 2543 lege
1817 2466 2134 2530 teneatur,
2181 2466 2256 2519 ut
2300 2466 2413 2519 aut
2457 2460 2556 2521 iu-

449 2569 816 2623 ramentum
863 2560 1155 2643 accipere
1198 2566 1309 2621 aut
1353 2558 1709 2623 adversarii
1754 2559 2185 2623 conscientiae
2231 2558 2555 2624 confidere

454 2661 707 2734 debeat,
755 2670 914 2734 tum,
969 2682 1113 2723 cum
1149 2658 1557 2724 adversarius
1600 2662 1901 2745 periurus
1936 2670 2053 2736 est,
2101 2662 2343 2745 quippe
2373 2663 2557 2726 cuius

452 2762 645 2825 fidem
716 2763 966 2825 nullam
1042 2784 1182 2827 esse
1240 2771 1537 2835 constet,
1610 2772 1782 2827 recte
1856 2763 1977 2826 illa
2048 2765 2199 2849 lege
2262 2763 2558 2828 solvitur.

450 2862 673 2942 Quum
719 2874 941 2929 contra
983 2865 1242 2950 periuro
1289 2862 1599 2938 defertur,
1647 2865 1842 2928 huius
1887 2866 2246 2949 periurium
2302 2866 2552 2931 nullius

453 2988 638 2999 Μ,-

597 3071 653 3135 1)
693 3069 1045 3123 Dissentiunt
1079 3069 1220 3122 Azo
1243 3108 1256 3133 ‚
1294 3087 1431 3139 opus
1458 3069 1706 3122 divinum
1742 3068 1811 3121 ad
1850 3066 1985 3120 Cod.
2024 3070 2166 3127 (vac.
2190 3069 2304 3137 tit.)
2342 3070 2437 3124 sol.
2464 3070 2555 3127 63.

445 3184 512 3194 -——
548 3152 842 3207 Nicolai
905 3156 986 3207 de
1022 3153 1380 3207 Tudechis
1423 3170 1507 3205 xx
1554 3152 2032 3219 (Panormitanus)
2083 3171 2283 3208 comm.
2337 3157 2406 3209 ad
2459 3156 2559 3212 de-

443 3234 642 3293 cretal.
678 3237 854 3307 Lugd.
895 3239 1044 3291 1546.
1085 3238 1179 3291 fol.
1222 3238 1338 3292 167.
1359 3269 1425 3278 -—
1454 3238 1554 3291 Fr.
1592 3238 1741 3291 Dua
1762 3256 1878 3293 ren
1900 3279 1915 3307 ,
1954 3256 2088 3292 com.
2118 3242 2189 3294 ad
2230 3242 2283 3296 h.
2313 3247 2353 3293 t.
2377 3238 2553 3294 Frcft.

451 3323 602 3378 1607.
644 3341 689 3377 c.
723 3322 808 3375 27.
847 3353 908 3360 -—
947 3324 1183 3375 Anton
1226 3324 1462 3387 Perez,
1516 3325 1585 3377 ad
1624 3325 1745 3376 cod.
1783 3324 2048 3394 Antverp.
2093 3325 2226 3379 1720
2262 3343 2313 3395 p.
2358 3320 2463 3381 22'0
2494 3344 2553 3381 n.

445 3408 534 3463 35.
569 3438 635 3449 -
671 3406 963 3476 Martin,
1001 3406 1254 3477 Vorlesg.
1293 3408 1382 3462 iib.
1420 3409 1719 3477 Civilproc.
1761 3409 1947 3479 Leipz.
1988 3409 2138 3465 1857.
2178 3409 2253 3463 ΙΙ.
2291 3426 2349 3480 p.
2384 3409 2469 3464 47.

582 3494 640 3557 2)
679 3490 935 3562 Savign
954 3511 1014 3561 y,
1053 3492 1262 3558 System
1301 3492 1431 3546 VII.
1468 3494 1553 3547 75.

580 3580 638 3644 3)
682 3576 992 3645 Duaren,
1028 3578 1066 3629 l.
1107 3579 1284 3631 c.—L
1327 3578 1396 3631 74
1436 3578 1501 3631 D.
1540 3579 1607 3632 de
1640 3594 1756 3647 reg.
1795 3578 1898 3632 iur.
1938 3577 2101 3642 Quod
2154 3578 2557 3648 Malblank‚

447 3667 622 3719 doctr.
659 3664 727 3716 de
764 3662 990 3715 iureiur.
1030 3662 1172 3716 Tub.
1215 3663 1350 3717 1820
1386 3681 1459 3732 p..
1478 3663 1560 3717 83.
1600 3663 1726 3717 inde
1764 3663 1901 3716 dicit
1936 3650 2227 3733 apparere,
2286 3664 2553 3721 Romanis

445 3749 555 3805 iam
591 3747 976 3817 probationem
1017 3765 1118 3817 pro
1158 3751 1517 3803 exoneranda
1552 3748 1891 3803 conscientia
1926 3756 2115 3803 notam
2153 3750 2349 3815 fuisse,
2388 3751 2445 3805 in
2484 3768 2549 3805 eo

447 3834 662 3887 fallitur
697 3834 779 3886 vir
815 3834 1026 3887 doctus.
1101 3832 1355 3903 Namque
1393 3836 1671 3903 probandi
1722 3851 1959 3903 munus,
2020 3837 2173 3905 quod
2212 3835 2551 3893 Malblankii

447 3920 725 3972 sententia
760 3924 818 3972 in
855 3935 1010 3973 reum
1048 3920 1338 3974 transserri
1374 3921 1568 3984 debet,
1621 3938 1681 3975 re
1718 3937 1851 3975 vera
1893 3936 2007 3981 non
2057 3926 2319 3975 mutatur.
2380 3925 2449 3981 cf.
2489 3952 2556 3965 --

387 4056 390 4061 .
447 4003 788 4073 savigny,
825 4004 1041 4073 System
1074 4002 1295 4074 v11.p.
1333 4004 1418 4059 88.
1455 4032 1523 4045 -
1560 4004 1828 4061 Martin
1866 4005 1939 4060 lc.
1973 4005 2049 4062 ΙΙ.
2086 4005 2202 4061 280.
