2816 4704
1301 247 1344 308 ⁷

276 421 422 478 erat
443 418 527 490 ¹).
615 413 763 479 Hac
806 434 1038 499 nempe
1081 435 1298 500 poena
1351 413 1643 478 nondum
1696 413 1918 479 soluta
1978 435 2129 480 reus
2174 414 2385 482 facul-

277 523 482 580 tatem
527 515 787 580 iurandi
835 515 1275 596 amittebat2),
1337 518 1485 603 ipsa
1526 539 1681 582 vero
1726 517 2057 581 solutione
2102 518 2383 604 quilibet

277 618 549 703 periurii
595 619 862 682 effectus
907 619 1208 685 sublatus
1255 629 1414 685 erat.
1502 605 1703 684 Fides
1758 621 2006 704 periuri
2052 620 2381 685 debilitari

276 741 410 784 non
457 729 746 806 poterat,
794 721 948 804 quia
997 722 1170 786 inter
1222 722 1465 787 bonam
1514 733 1579 786 et
1632 721 1873 785 malam
1921 720 2148 795 fidem,
2212 724 2385 788 inter

273 831 648 888 accusatum
691 831 758 887 et
801 825 1427 888 consacramentales
1474 833 1540 889 et
1592 823 1800 888 falsos
1844 834 2044 888 testes
2101 846 2233 888 non
2288 824 2385 888 di-

275 923 753 1039 stinguebatur.
853 923 1056 1004 Quod
1097 927 1225 990 nisi
1267 928 1360 990 ita
1403 925 1661 1001 fuisset,
1705 927 2008 1013 periurus
2054 927 2195 992 sine
2238 927 2380 991 ullo

273 1027 440 1092 iuris
483 1026 812 1112 praesidio
857 1029 1202 1094 Manet.—

1241 1202 1292 1284 §‚
1344 1207 1403 1264 2.

437 1315 639 1404 Apud
683 1317 1018 1384 Romanos
1064 1320 1202 1385 illis
1248 1321 1693 1405 temporibus,
1754 1320 1991 1408 quibus
2049 1321 2151 1384 ius
2198 1320 2375 1384 dice-

273 1420 437 1487 bant
476 1421 842 1508 pontifices,
887 1443 1080 1488 nemo
1129 1423 1545 1498 dubitaverit,
1592 1424 1752 1510 quin
1794 1425 2094 1510 periurus
2140 1424 2372 1508 poenis

283 1545 362 1590 ex
417 1524 742 1624 religione
799 1523 1204 1613 depromptis
1263 1525 1547 1592 afflictus
1620 1525 1821 1592 fuerit
1841 1530 1933 1607 ³);
2007 1527 2373 1610 posteriore

274 1633 569 1714 tempore
614 1625 767 1712 ¹ICti
821 1627 972 1693 Diis
1016 1630 1374 1713 periurium
1429 1627 1829 1715 puniendum
1887 1629 2370 1712 relinquebant,

277 1737 342 1794 et
413 1731 712 1815 quamvis
781 1731 914 1795 alia
989 1730 1229 1796 delicta
1293 1732 1581 1816 periurio
1647 1732 1995 1797 commissa
2067 1733 2377 1815 puniren-

272 1841 381 1896 tur
395 1833 473 1913 4),
521 1841 739 1898 tamen
796 1835 1154 1919 periurium
1212 1836 1431 1920 ipsum
1486 1834 1817 1922 negabant
1870 1835 1951 1900 ab
1999 1834 2375 1901 hominibus

267 1957 484 2020 poena
529 1935 968 2002 afficiendum.
1067 1937 1244 2002 Huic
1301 1937 1637 2004 doctrinae
1703 1959 1838 2000 non
1894 1945 2225 2023 repugnat
2264 1936 2377 2002 lex

267 2036 390 2102 illa
455 2043 538 2102 22
579 2037 668 2100 Ι).
734 2037 813 2102 de
869 2037 1026 2104 dolo
1081 2047 1140 2105 4.
1207 2047 1300 2114 3.,
1361 2063 1515 2104 nam
1593 2039 1770 2126 apud
1840 2061 2032 2123 quem
2092 2041 2376 2103 iuratum

269 2147 430 2213 erat,
476 2139 647 2204 idem
691 2140 1010 2226 puniebat
1052 2143 1410 2226 periurum,
1459 2143 1593 2207 sive
1640 2140 1825 2205 Deus
1872 2143 1949 2215 is,
1990 2142 2123 2206 sive
2169 2142 2379 2226 impe-

267 2251 450 2306 rator
482 2247 711 2324 erat-¹³).
801 2241 1006 2324 Quod
1057 2254 1271 2308 autem
1317 2243 1401 2306 ad
1447 2244 1897 2328 quaestionem
1966 2243 2200 2306 attinet
2268 2243 2377 2306 hic

259 2345 699 2431 propositam,
749 2356 1072 2431 quatenus
1121 2347 1217 2411 rei
1261 2345 1550 2411 conditio
1591 2347 1737 2431 ipso
1769 2346 2054 2431 periurio
2087 2367 2377 2411 commu-

267 2455 407 2511 tata
465 2448 582 2520 sit,
635 2446 1170 2533 distinguendum
1217 2448 1410 2514 nobis
1458 2458 1559 2513 est
1604 2449 1772 2512 inter
1809 2446 2262 2514 iusiurandum
2305 2448 2376 2510 in

272 2548 412 2615 iure
457 2561 523 2615 et
565 2549 1018 2615 iusiurandum
1061 2552 1132 2614 in
1178 2550 1419 2615 iudicio
1468 2550 1778 2615 delatum.

437 2651 816 2717 Iuramento
860 2653 928 2717 in
958 2653 1100 2717 iure
1131 2652 1329 2716 alicui
1359 2652 1583 2718 delato
1614 2660 1878 2737 praetor
1910 2675 2057 2718 eum
2100 2650 2377 2737 cogebat

268 2762 381 2817 aut
433 2754 652 2839 ipsum
693 2765 1025 2840 praestare
1065 2753 1272 2827 illud,
1321 2764 1437 2819 aut
1478 2754 1852 2820 adversario
1908 2754 2187 2828 referre3
2244 2774 2373 2836 quo

262 2857 604 2941 praestitO,
636 2857 742 2921 vel
769 2858 1081 2931 remisso,
1114 2857 1219 2921 vel
1248 2866 1550 2923 recusato
1581 2857 1668 2921 lis
1702 2856 1965 2921 omnino
1999 2863 2137 2919 erat
2166 2854 2369 2927 finita,

266 2979 478 3044 neque
551 2958 794 3023 licebat
864 2960 971 3025 vel
1047 2959 1255 3043 ipsius
1321 2960 1593 3043 periurii
1653 2980 1848 3022 causa
1922 2956 2373 3042 quaestionem

269 3060 626 3127 retractari.
719 3060 1022 3141 Quocum
1051 3069 1338 3148 pugnat,
1370 3062 1418 3123 l.
1457 3067 1533 3125 13
1582 3058 1658 3123 C.
1704 3059 1787 3125 de
1830 3059 1965 3124 reb.
2010 3056 2179 3121 cred.
2219 3063 2282 3129 4,
2320 3064 2375 3119 1.

265 3201 466 3211 -μ--ψ

408 3266 462 3339 1)
501 3264 754 3331 wilda,
811 3264 1129 3318 Strafrecht
1166 3266 1218 3317 d.
1259 3264 1517 3318 German.
1543 3280 1595 3334 p.
1622 3263 1739 3317 982.
1802 3262 1965 3327 Quod
1994 3260 2375 3333 quaerendum

265 3359 456 3417 restat,
495 3351 801 3407 secundum
837 3365 1003 3420 quam
1041 3352 1298 3421 regulam
1333 3352 1541 3405 sactum
1578 3350 1687 3403 sit.

409 3439 468 3507 2)
507 3438 774 3501 wilda,
812 3435 849 3489 1.
885 3454 932 3489 c.
968 3452 1023 3506 p.
1059 3436 1191 3501 302,
1231 3435 1633 3501 Dubitandum,
1669 3452 1804 3488 num
1826 3452 1867 3487 ιι
1894 3448 2137 3503 quoqne
2178 3430 2380 3501 quibus

266 3525 507 3595 pecunia
543 3522 808 3578 solvenda
841 3538 956 3575 non
991 3528 1129 3576 erat.

405 3610 466 3675 3)
502 3610 572 3662 cf.
635 3608 975 3675 Bassenn,
1025 3608 1094 3661 de
1130 3606 1358 3661 iureiur.
1399 3613 1647 3661 veter.—-
1668 3604 1819 3659 Trai.
1838 3605 1909 3658 ad
1933 3601 2111 3656 Rhen.
2149 3599 2285 3654 1728
2318 3616 2373 3669 p.

265 3694 371 3750 354
403 3712 428 3747 s
474 3738 486 3750 .

403 3710 472 3846 43
499 3778 538 3832 1.
573 3776 610 3831 4
642 3776 712 3831 D.
750 3779 820 3832 de
854 3776 1094 3833 stellion.
1123 3775 1208 3831 47.
1229 3776 1313 3830 20.
1370 3776 1410 3830 1.
1437 3777 1503 3831 13
1528 3775 1588 3830 C.
1626 3776 1695 3829 de
1720 3776 1904 3831 testib.
1928 3774 1977 3829 4.
2002 3774 2087 3829 20.
2148 3773 2186 3828 1.
2215 3772 2245 3825 1
2263 3774 2308 3839 §-
2329 3772 2377 3824 1.

271 3864 327 3919 2.
377 3864 446 3917 D.
495 3864 566 3917 ad
614 3863 727 3933 leg.
773 3862 940 3917 Coi-n.
979 3862 1064 3918 48.
1102 3860 1327 3917 10.1.37
1364 3861 1428 3916 C.
1475 3863 1545 3916 de
1594 3868 1855 3916 transact.
1894 3860 1947 3914 2.
1968 3860 2017 3914 4.
2052 3860 2095 3913 1.
2116 3858 2168 3912 4.
2203 3857 2263 3912 C.
2308 3858 2379 3911 de

274 3950 428 4005 crim.
467 3948 710 4003 stellion.
746 3948 796 4001 9.
829 3948 920 4002 34.
989 3974 992 3977 ⁴

422 4032 482 4101 ὅ)
520 4032 712 4089 Aliam
746 4032 1076 4088 sententiam
1113 4033 1370 4105 sequitur
1403 4032 1750 4101 Basnenn,
1784 4031 1821 4085 1.
1859 4046 1904 4085 c.
1940 4046 1997 4100 p.
2030 4026 2149 4083 376.

2796 199 2803 288 Am*
2780 53 2803 186 m-Q-
2790 0 2803 42 2-
