2816 4704
449 3944 455 3951 ι
475 3944 512 3951 .—

1500 241 1581 302 26

661 401 788 466 His
831 403 1256 489 ambagibus,
1301 406 1541 490 quibus
1586 406 1671 470 ad
1714 408 1851 473 vias
1909 426 2077 492 quae
2140 407 2361 472 delato
2418 409 2597 473 iure-

491 503 766 568 iurando
785 514 1017 589 patent
1047 507 1507 574 describendas
1540 531 1707 592 opus
1738 519 1899 584 erat,
1934 510 2135 574 finitis
2166 512 2295 574 iam
2324 521 2593 576 transeo

491 605 579 668 ad
623 609 1070 690 quaestionem
1115 619 1428 683 nostram,
1474 633 1603 696 qua
1647 611 1729 676 de
1756 614 2007 698 periuri
2052 614 2121 676 in
2166 613 2591 678 iureiurando

491 705 709 772 delato
757 710 1134 776 conditione
1179 713 1419 797 agitur.

1420 885 1474 966 ς.
1519 891 1579 946 8.

661 1016 894 1081 Priore
960 1025 1253 1104 tempore
1319 1041 1449 1105 quo
1521 1021 2019 1085 admitterentur
2085 1022 2426 1108 litigantes
2500 1023 2592 1086 ad

491 1119 943 1192 iusiurandum
989 1122 1413 1188 deferendum
1458 1148 1589 1189 non
1633 1147 1781 1189 raro
1824 1125 2304 1210 requirebatur,
2352 1133 2429 1188 ut
2458 1127 2592 1210 ipsi

489 1221 679 1288 fidem
737 1226 1058 1292 haberent
1112 1230 1499 1316 iurandique
1562 1232 1961 1297 facultatem.
2059 1235 2295 1321 Itaque
2350 1236 2469 1299 ubi
2522 1245 2597 1300 et

486 1345 804 1422 quatenus
849 1335 1009 1400 fides
1055 1337 1341 1422 partium
1387 1336 1751 1422 expetenda
1794 1339 1903 1411 sit,
1968 1361 2133 1424 opus
2180 1348 2282 1404 est
2323 1362 2595 1405 accura-

489 1444 618 1508 tius
663 1446 1081 1529 perscrutari.

657 1551 876 1635 Atque
922 1551 1048 1614 hoc
1093 1549 1356 1635 quidem
1422 1549 1868 1613 existimamus
1927 1548 2036 1612 vix
2092 1547 2591 1612 memorandum

489 1673 665 1727 esse,
713 1676 919 1736 neque
981 1653 1302 1719 eiusmodi
1355 1654 1551 1729 facta,
1600 1656 1838 1741 quibus
1906 1658 2045 1721 iure
2100 1657 2287 1722 nulla
2328 1657 2427 1722 vis
2474 1657 2593 1720 tri-

488 1757 750 1831 buatur,
795 1757 1002 1821 ullius
1050 1756 1134 1821 ad
1181 1780 1322 1822 eam
1366 1780 1505 1822 rem
1550 1760 1863 1822 momenti
1908 1781 2074 1834 esse,
2118 1781 2329 1845 neque
2391 1782 2504 1824 eos
2550 1784 2592 1824 a

487 1859 816 1924 delatione
857 1860 1218 1945 prohiberi,
1265 1862 1505 1946 quibus
1554 1861 1909 1925 secundum
1952 1862 2171 1946 plebis
2204 1863 2587 1948 opinionem

487 1963 744 2026 macula
789 1961 1108 2046 quaedam
1155 1962 1529 2036 adhaereat,
1576 1967 1871 2049 quosque
1914 1963 2077 2028 fidei·
2110 1975 2409 2050 expertes
2443 1987 2589 2030 esse

404 2145 420 2154 „
484 2064 766 2130 fortasse
825 2063 1196 2130 sacerdotes
1260 2065 1387 2128 sibi
1446 2088 1833 2150 persuasum
1898 2066 2283 2146 habeant1).
2388 2065 2590 2130 Eius-

487 2165 666 2230 modi
709 2189 815 2231 res
861 2188 991 2231 non
1047 2176 1426 2252 spectantur
1486 2169 1613 2233 nisi
1676 2169 1756 2234 ab
1818 2191 1929 2244 ec,
2005 2170 2115 2253 qui
2172 2169 2391 2234 nescio
2455 2191 2589 2254 quo

488 2291 706 2334 errore
753 2278 983 2355 captus
1027 2271 1188 2336 iuris
1235 2272 1570 2334 scientiam
1614 2280 1803 2357 putet
1860 2271 1943 2335 ad
2008 2271 2421 2357 singulorum
2464 2270 2588 2334 ho-

485 2374 734 2437 minum
779 2372 884 2438 vel
929 2394 1143 2437 mores
1188 2374 1295 2438 vel
1342 2373 1697 2459 dignitates
1744 2374 1849 2439 vel
1889 2396 2157 2438 munera
2216 2394 2359 2439 esse
2414 2374 2591 2439 refe-
2692 2370 2705 2377 “

483 2468 773 2541 rendam.
865 2474 1094 2559 Neque
1135 2496 1290 2541 vero
1335 2475 1535 2540 iudex
1580 2478 1922 2541 certiorem
1968 2498 2037 2541 se
2082 2476 2218 2541 fieri
2276 2476 2461 2541 iubet
2503 2478 2591 2542 ab

483 2580 800 2649 iuratum,
849 2576 1007 2661 quid
1052 2576 1132 2640 de
1178 2578 1597 2642 iureiurando
1643 2579 1889 2665 cogitet
1926 2578 2066 2652 ille,
2114 2576 2471 2642 dummodo
2505 2602 2589 2643 ne

482 2681 589 2746 vel
631 2680 867 2744 leviori
913 2679 1128 2742 animo
1175 2679 1264 2742 sit
1305 2680 1415 2743 vel
1459 2678 1631 2744 falsa
1675 2680 2099 2744 iurisiurandi
2142 2681 2409 2743 notione
2440 2690 2591 2744 uta-

481 2790 610 2853 tur,
657 2779 1062 2844 cohortando
1107 2779 1493 2863 prohibeat,
1556 2791 1749 2866 atque
1816 2782 1897 2846 ab
1958 2780 2373 2845 iureiurando
2434 2805 2587 2846 eum

481 2891 833 2955 removeat,
882 2882 994 2966 qui
1040 2882 1407 2945 iuramenta
1472 2905 1543 2948 se
1600 2893 2011 2948 contemnere
2075 2883 2421 2949 manifesto
2468 2883 2585 2947 de-

482 2985 958 3050 monstraverit.
1075 2982 1334 3049 Deinde
1391 3006 1526 3050 non
1586 2987 1802 3050 solum
1865 2984 2133 3049 difficile
2194 2985 2312 3049 sed
2372 3008 2586 3071 paene

480 3089 927 3173 periculosum
975 3096 1148 3152 esset
1187 3086 1419 3152 iudicis
1445 3089 1730 3161 'munus,
1776 3090 1832 3153 si
1882 3087 1960 3151 de
2003 3087 2321 3152 eiusmodi
2364 3087 2585 3161 factis,

484 3212 648 3274 quae
691 3210 829 3252 non
873 3210 1020 3251 cum
1067 3190 1234 3261 iure,
1293 3187 1411 3252 sed
1472 3208 1618 3255 cum
1677 3190 2077 3253 conscientia
2108 3198 2383 3253 'tantum
2430 3210 2587 3253 con-

395 3310 401 3316 ·
482 3293 702 3354 iuncta
745 3299 918 3363 sunt,
963 3287 1388 3353 iudicandum
1436 3302 1639 3367 esset3
1685 3290 1862 3377 quod
1904 3314 1987 3356 ne
2028 3292 2273 3377 poterit
2315 3290 2583 3376 quidem

483 3416 522 3457 a
565 3392 779 3457 iudice
823 3390 1174 3476 postulari,
1215 3392 1345 3455 nisi
1389 3394 1535 3477 ipso
1582 3394 1721 3457 iure
1780 3394 2098 3459 eiusmodi
2160 3392 2337 3458 facta
2394 3412 2584 3457 accu-

480 3504 623 3559 rate
669 3492 1077 3565 definiantur,
1124 3493 1189 3556 h.
1223 3515 1276 3557 e.
1325 3495 1472 3580 ipsa
1518 3498 1840 3560 sententia
1896 3498 1977 3561 ab
2024 3495 2237 3561 iudice
2281 3496 2419 3559 lata
2460 3496 2585 3559 ali-

483 3599 589 3661 cui
633 3594 794 3659 fides
839 3593 1156 3681 abrogata
1213 3596 1317 3660 sit.
1420 3596 1680 3677 Quibus
1738 3598 2017 3683 cognitis
2076 3598 2383 3661 nonnulli
2444 3600 2583 3661 ani-

483 3723 660 3764 mum
719 3720 794 3763 eo
867 3696 1298 3772 induxerunt,
1371 3709 1447 3763 ut
1519 3702 1888 3787 quicunque
1961 3699 2194 3764 iudicis
2232 3701 2583 3789 ‘sententia

476 3802 742 3867 infamis
789 3808 966 3865 esset
1005 3794 1338 3873 reddit-us,
1405 3823 1553 3865 eum
1614 3803 1697 3866 ab
1745 3800 2165 3867 iureiurando
2223 3799 2577 3867 deferendo

616 4022 673 4093 1)
713 4020 1084 4087 Wernher,
1125 4018 1226 4073 sel.
1265 4020 1383 4074 obs.
1425 4022 1526 4075 sor.
1562 4018 1662 4083 111.
1700 4021 1785 4081 95.
